Local time,Ask,Bid,AskVolume,BidVolume
08.10.2022 00:00:00.011 GMT+0800,142.078,142.063,2.24,1.8
08.10.2022 00:00:00.113 GMT+0800,142.077,142.064,1.2,1.8
08.10.2022 00:00:00.214 GMT+0800,142.077,142.064,1.2,1.8
08.10.2022 00:00:00.315 GMT+0800,142.07500000000002,142.064,1.2,1.2
08.10.2022 00:00:00.417 GMT+0800,142.078,142.064,1.2,1.2
08.10.2022 00:00:00.467 GMT+0800,142.078,142.065,1.34,1.2
08.10.2022 00:00:00.569 GMT+0800,142.077,142.064,1.2,1.8
08.10.2022 00:00:00.670 GMT+0800,142.077,142.066,1.2,1.2
08.10.2022 00:00:00.772 GMT+0800,142.078,142.06799999999998,1.2,1.2
08.10.2022 00:00:01.165 GMT+0800,142.079,142.065,1.2,1.8
08.10.2022 00:00:01.469 GMT+0800,142.079,142.063,1.8,1.2
08.10.2022 00:00:01.624 GMT+0800,142.078,142.064,2.7,1.2
08.10.2022 00:00:02.564 GMT+0800,142.078,142.064,2.4,1.34
08.10.2022 00:00:02.615 GMT+0800,142.076,142.061,2.84,3.07
08.10.2022 00:00:02.716 GMT+0800,142.074,142.061,1.34,2.24
08.10.2022 00:00:02.847 GMT+0800,142.074,142.062,1.34,1.2
08.10.2022 00:00:02.898 GMT+0800,142.074,142.062,1.2,1.2
08.10.2022 00:00:02.999 GMT+0800,142.074,142.063,1.2,1.2
08.10.2022 00:00:03.232 GMT+0800,142.07500000000002,142.061,1.2,1.2
08.10.2022 00:00:03.690 GMT+0800,142.076,142.061,1.34,4.2
08.10.2022 00:00:03.792 GMT+0800,142.078,142.064,1.2,1.2
08.10.2022 00:00:04.053 GMT+0800,142.07500000000002,142.064,1.2,1.2
08.10.2022 00:00:04.205 GMT+0800,142.074,142.064,1.2,1.2
08.10.2022 00:00:04.524 GMT+0800,142.07500000000002,142.063,1.2,1.2
08.10.2022 00:00:04.625 GMT+0800,142.076,142.064,1.2,1.8
08.10.2022 00:00:04.732 GMT+0800,142.076,142.064,1.2,1.8
08.10.2022 00:00:05.114 GMT+0800,142.07500000000002,142.064,1.2,1.94
08.10.2022 00:00:05.215 GMT+0800,142.07,142.062,1.2,1.94
08.10.2022 00:00:05.316 GMT+0800,142.072,142.062,1.2,1.2
08.10.2022 00:00:05.781 GMT+0800,142.072,142.059,1.2,2.84
08.10.2022 00:00:06.189 GMT+0800,142.073,142.058,1.2,2.84
08.10.2022 00:00:06.887 GMT+0800,142.072,142.062,1.2,1.2
08.10.2022 00:00:07.028 GMT+0800,142.072,142.062,1.2,1.2
08.10.2022 00:00:07.261 GMT+0800,142.072,142.062,1.2,1.92
08.10.2022 00:00:08.261 GMT+0800,142.072,142.063,1.2,1.32
08.10.2022 00:00:08.362 GMT+0800,142.07500000000002,142.063,3.3,1.92
08.10.2022 00:00:08.573 GMT+0800,142.07500000000002,142.065,1.8,1.32
08.10.2022 00:00:08.693 GMT+0800,142.076,142.066,1.8,1.2
08.10.2022 00:00:08.795 GMT+0800,142.077,142.066,1.2,1.2
08.10.2022 00:00:08.997 GMT+0800,142.079,142.065,3.74,1.92
08.10.2022 00:00:09.099 GMT+0800,142.079,142.067,2.24,1.32
08.10.2022 00:00:10.448 GMT+0800,142.078,142.067,1.2,1.32
08.10.2022 00:00:10.550 GMT+0800,142.08100000000002,142.069,1.34,2.04
08.10.2022 00:00:10.601 GMT+0800,142.08100000000002,142.069,1.2,1.44
08.10.2022 00:00:10.703 GMT+0800,142.08100000000002,142.069,1.2,2.34
08.10.2022 00:00:10.956 GMT+0800,142.078,142.065,1.8,2.24
08.10.2022 00:00:11.007 GMT+0800,142.076,142.063,1.8,4.32
08.10.2022 00:00:11.108 GMT+0800,142.073,142.063,1.34,2.52
08.10.2022 00:00:11.160 GMT+0800,142.073,142.061,1.34,1.32
08.10.2022 00:00:11.362 GMT+0800,142.074,142.062,1.34,1.32
08.10.2022 00:00:11.413 GMT+0800,142.07,142.06,1.8,2.04
08.10.2022 00:00:11.464 GMT+0800,142.071,142.059,1.8,1.92
08.10.2022 00:00:11.566 GMT+0800,142.071,142.05700000000002,2.84,1.32
08.10.2022 00:00:11.667 GMT+0800,142.069,142.055,1.94,2.52
08.10.2022 00:00:11.769 GMT+0800,142.06799999999998,142.05200000000002,1.94,3.42
08.10.2022 00:00:11.978 GMT+0800,142.065,142.053,1.8,3.86
08.10.2022 00:00:12.080 GMT+0800,142.063,142.053,1.2,2.06
08.10.2022 00:00:12.182 GMT+0800,142.064,142.053,1.8,1.32
08.10.2022 00:00:12.283 GMT+0800,142.063,142.049,1.2,1.92
08.10.2022 00:00:12.334 GMT+0800,142.062,142.048,1.94,4.32
08.10.2022 00:00:12.537 GMT+0800,142.061,142.049,1.2,1.32
08.10.2022 00:00:12.689 GMT+0800,142.061,142.047,1.8,1.92
08.10.2022 00:00:12.790 GMT+0800,142.061,142.049,1.2,1.32
08.10.2022 00:00:13.142 GMT+0800,142.061,142.049,1.34,1.32
08.10.2022 00:00:13.193 GMT+0800,142.061,142.048,1.94,1.44
08.10.2022 00:00:13.405 GMT+0800,142.061,142.048,1.2,2.04
08.10.2022 00:00:13.557 GMT+0800,142.059,142.048,1.2,1.92
08.10.2022 00:00:13.608 GMT+0800,142.063,142.047,2.4,2.06
08.10.2022 00:00:13.709 GMT+0800,142.06,142.048,1.2,2.06
08.10.2022 00:00:13.811 GMT+0800,142.05700000000002,142.04500000000002,1.2,2.52
08.10.2022 00:00:13.862 GMT+0800,142.05700000000002,142.04500000000002,1.2,2.52
08.10.2022 00:00:14.860 GMT+0800,142.058,142.04600000000002,1.8,1.32
08.10.2022 00:00:15.052 GMT+0800,142.05700000000002,142.04500000000002,1.2,2.06
08.10.2022 00:00:15.154 GMT+0800,142.056,142.044,1.2,1.32
08.10.2022 00:00:15.306 GMT+0800,142.055,142.04500000000002,1.2,1.32
08.10.2022 00:00:15.408 GMT+0800,142.055,142.042,1.2,3.42
08.10.2022 00:00:15.459 GMT+0800,142.05700000000002,142.04500000000002,3.3,1.32
08.10.2022 00:00:15.560 GMT+0800,142.05700000000002,142.04500000000002,1.2,1.32
08.10.2022 00:00:15.763 GMT+0800,142.05700000000002,142.04600000000002,1.2,1.32
08.10.2022 00:00:15.814 GMT+0800,142.059,142.048,2.7,1.32
08.10.2022 00:00:15.865 GMT+0800,142.061,142.048,1.2,1.92
08.10.2022 00:00:15.966 GMT+0800,142.062,142.05,3.14,1.32
08.10.2022 00:00:16.279 GMT+0800,142.062,142.047,2.84,1.44
08.10.2022 00:00:16.330 GMT+0800,142.058,142.04600000000002,1.2,1.92
08.10.2022 00:00:16.783 GMT+0800,142.058,142.04600000000002,1.2,1.44
08.10.2022 00:00:16.884 GMT+0800,142.058,142.04600000000002,1.94,1.32
08.10.2022 00:00:16.986 GMT+0800,142.058,142.04600000000002,1.34,1.32
08.10.2022 00:00:17.088 GMT+0800,142.058,142.04500000000002,1.8,1.32
08.10.2022 00:00:17.189 GMT+0800,142.056,142.041,1.94,4.32
08.10.2022 00:00:17.291 GMT+0800,142.054,142.041,1.94,1.32
08.10.2022 00:00:17.392 GMT+0800,142.054,142.042,1.2,1.32
08.10.2022 00:00:18.073 GMT+0800,142.055,142.043,1.34,1.32
08.10.2022 00:00:18.174 GMT+0800,142.055,142.043,1.2,1.32
08.10.2022 00:00:18.327 GMT+0800,142.056,142.043,1.2,1.32
08.10.2022 00:00:18.787 GMT+0800,142.056,142.043,1.2,1.32
08.10.2022 00:00:18.889 GMT+0800,142.05700000000002,142.044,4.2,1.32
08.10.2022 00:00:18.990 GMT+0800,142.05700000000002,142.044,3.3,1.32
08.10.2022 00:00:19.142 GMT+0800,142.056,142.044,1.8,1.32
08.10.2022 00:00:19.244 GMT+0800,142.056,142.044,1.2,1.32
08.10.2022 00:00:19.345 GMT+0800,142.05700000000002,142.04600000000002,1.2,1.32
08.10.2022 00:00:19.462 GMT+0800,142.059,142.04600000000002,1.8,1.32
08.10.2022 00:00:19.563 GMT+0800,142.058,142.043,1.2,3.86
08.10.2022 00:00:19.665 GMT+0800,142.05700000000002,142.04500000000002,1.8,1.32
08.10.2022 00:00:19.941 GMT+0800,142.05700000000002,142.04500000000002,2.4,1.2
08.10.2022 00:00:19.992 GMT+0800,142.054,142.041,1.2,1.32
08.10.2022 00:00:20.094 GMT+0800,142.055,142.043,3.14,1.32
08.10.2022 00:00:20.145 GMT+0800,142.055,142.04600000000002,1.8,1.32
08.10.2022 00:00:20.196 GMT+0800,142.058,142.047,1.2,1.32
08.10.2022 00:00:20.297 GMT+0800,142.058,142.047,1.2,1.32
08.10.2022 00:00:20.399 GMT+0800,142.058,142.047,1.2,1.32
08.10.2022 00:00:20.500 GMT+0800,142.056,142.047,1.2,1.32
08.10.2022 00:00:20.708 GMT+0800,142.056,142.047,1.2,1.32
08.10.2022 00:00:20.759 GMT+0800,142.058,142.048,1.2,1.32
08.10.2022 00:00:20.978 GMT+0800,142.06,142.048,1.2,1.32
08.10.2022 00:00:21.079 GMT+0800,142.059,142.048,1.2,1.32
08.10.2022 00:00:21.195 GMT+0800,142.059,142.047,2.7,1.32
08.10.2022 00:00:21.297 GMT+0800,142.059,142.048,1.2,1.32
08.10.2022 00:00:21.413 GMT+0800,142.059,142.047,1.34,1.32
08.10.2022 00:00:21.515 GMT+0800,142.058,142.047,1.2,1.32
08.10.2022 00:00:21.841 GMT+0800,142.058,142.047,1.2,1.32
08.10.2022 00:00:21.942 GMT+0800,142.059,142.04600000000002,1.2,1.32
08.10.2022 00:00:22.165 GMT+0800,142.055,142.043,1.8,3.42
08.10.2022 00:00:22.317 GMT+0800,142.053,142.04,2.4,1.32
08.10.2022 00:00:22.419 GMT+0800,142.053,142.039,3.74,1.32
08.10.2022 00:00:22.520 GMT+0800,142.053,142.03799999999998,3.74,2.06
08.10.2022 00:00:22.622 GMT+0800,142.05200000000002,142.037,1.94,1.92
08.10.2022 00:00:22.673 GMT+0800,142.05100000000002,142.03799999999998,1.2,1.32
08.10.2022 00:00:22.825 GMT+0800,142.05200000000002,142.03799999999998,1.8,1.32
08.10.2022 00:00:22.927 GMT+0800,142.05200000000002,142.03799999999998,1.34,1.32
08.10.2022 00:00:23.028 GMT+0800,142.05200000000002,142.03799999999998,1.94,1.32
08.10.2022 00:00:24.044 GMT+0800,142.05200000000002,142.039,1.8,1.32
08.10.2022 00:00:24.095 GMT+0800,142.05200000000002,142.039,1.2,1.92
08.10.2022 00:00:24.147 GMT+0800,142.053,142.039,1.34,1.92
08.10.2022 00:00:24.350 GMT+0800,142.053,142.04,2.24,1.32
08.10.2022 00:00:24.637 GMT+0800,142.053,142.04,2.24,1.32
08.10.2022 00:00:24.890 GMT+0800,142.053,142.039,2.4,1.92
08.10.2022 00:00:25.143 GMT+0800,142.05200000000002,142.039,1.2,1.32
08.10.2022 00:00:25.448 GMT+0800,142.05100000000002,142.039,1.2,1.32
08.10.2022 00:00:25.549 GMT+0800,142.05200000000002,142.03799999999998,1.8,1.2
08.10.2022 00:00:25.651 GMT+0800,142.05200000000002,142.037,1.94,2.34
08.10.2022 00:00:25.905 GMT+0800,142.05,142.036,2.4,1.8
08.10.2022 00:00:26.006 GMT+0800,142.04,142.034,1.8,1.44
08.10.2022 00:00:26.057 GMT+0800,142.039,142.026,1.2,1.2
08.10.2022 00:00:26.159 GMT+0800,142.036,142.023,1.2,4.58
08.10.2022 00:00:26.412 GMT+0800,142.042,142.035,1.8,2.4
08.10.2022 00:00:26.514 GMT+0800,142.05100000000002,142.034,2.84,1.44
08.10.2022 00:00:26.565 GMT+0800,142.048,142.033,1.2,3.86
08.10.2022 00:00:26.616 GMT+0800,142.047,142.034,1.2,1.32
08.10.2022 00:00:26.768 GMT+0800,142.049,142.034,1.2,1.92
08.10.2022 00:00:26.819 GMT+0800,142.049,142.034,1.2,1.2
08.10.2022 00:00:26.920 GMT+0800,142.048,142.034,2.4,1.2
08.10.2022 00:00:27.123 GMT+0800,142.05,142.035,1.2,1.92
08.10.2022 00:00:27.174 GMT+0800,142.049,142.034,1.2,2.48
08.10.2022 00:00:27.327 GMT+0800,142.05,142.035,1.2,1.92
08.10.2022 00:00:27.851 GMT+0800,142.05100000000002,142.037,1.34,2.04
08.10.2022 00:00:27.953 GMT+0800,142.053,142.03799999999998,1.2,1.92
08.10.2022 00:00:28.230 GMT+0800,142.05,142.03799999999998,1.2,1.2
08.10.2022 00:00:28.339 GMT+0800,142.04,142.02700000000002,1.8,1.8
08.10.2022 00:00:28.440 GMT+0800,142.041,142.026,1.2,1.2
08.10.2022 00:00:28.542 GMT+0800,142.04,142.029,1.2,1.32
08.10.2022 00:00:28.644 GMT+0800,142.04500000000002,142.028,1.8,1.92
08.10.2022 00:00:28.796 GMT+0800,142.042,142.029,1.2,1.44
08.10.2022 00:00:29.099 GMT+0800,142.043,142.029,1.8,1.92
08.10.2022 00:00:29.275 GMT+0800,142.043,142.03,1.2,1.92
08.10.2022 00:00:29.385 GMT+0800,142.043,142.03,1.8,1.92
08.10.2022 00:00:29.486 GMT+0800,142.043,142.029,2.4,1.2
08.10.2022 00:00:29.790 GMT+0800,142.043,142.029,2.4,1.2
08.10.2022 00:00:29.891 GMT+0800,142.041,142.026,3.74,1.92
08.10.2022 00:00:30.043 GMT+0800,142.041,142.02700000000002,3.3,1.2
08.10.2022 00:00:30.145 GMT+0800,142.041,142.028,1.8,1.2
08.10.2022 00:00:30.348 GMT+0800,142.041,142.026,2.84,1.92
08.10.2022 00:00:30.804 GMT+0800,142.04,142.026,1.2,1.32
08.10.2022 00:00:31.209 GMT+0800,142.041,142.026,2.4,1.92
08.10.2022 00:00:31.311 GMT+0800,142.041,142.036,1.2,1.32
08.10.2022 00:00:31.362 GMT+0800,142.049,142.037,1.8,1.2
08.10.2022 00:00:31.413 GMT+0800,142.048,142.036,1.2,1.2
08.10.2022 00:00:31.615 GMT+0800,142.047,142.035,1.34,1.2
08.10.2022 00:00:31.717 GMT+0800,142.049,142.036,2.4,1.2
08.10.2022 00:00:31.818 GMT+0800,142.049,142.037,1.34,1.2
08.10.2022 00:00:31.869 GMT+0800,142.05,142.037,1.34,1.2
08.10.2022 00:00:31.971 GMT+0800,142.05100000000002,142.037,2.4,1.2
08.10.2022 00:00:32.123 GMT+0800,142.05100000000002,142.03799999999998,1.8,1.2
08.10.2022 00:00:32.289 GMT+0800,142.04600000000002,142.036,2.4,2.4
08.10.2022 00:00:32.391 GMT+0800,142.04,142.02700000000002,1.94,2.58
08.10.2022 00:00:32.493 GMT+0800,142.037,142.02700000000002,2.4,1.2
08.10.2022 00:00:32.595 GMT+0800,142.032,142.019,1.8,2.84
08.10.2022 00:00:32.697 GMT+0800,142.033,142.018,1.2,2.12
08.10.2022 00:00:32.748 GMT+0800,142.029,142.018,1.8,2.12
08.10.2022 00:00:32.799 GMT+0800,142.029,142.01600000000002,2.4,1.2
08.10.2022 00:00:32.900 GMT+0800,142.029,142.013,1.2,1.32
08.10.2022 00:00:33.002 GMT+0800,142.02700000000002,142.014,1.2,1.32
08.10.2022 00:00:33.103 GMT+0800,142.026,142.013,1.2,2.24
08.10.2022 00:00:33.154 GMT+0800,142.023,142.013,1.2,1.8
08.10.2022 00:00:33.205 GMT+0800,142.02200000000002,142.009,1.2,1.32
08.10.2022 00:00:33.307 GMT+0800,142.024,142.01,2.4,1.92
08.10.2022 00:00:33.358 GMT+0800,142.025,142.013,2.24,1.2
08.10.2022 00:00:33.561 GMT+0800,142.025,142.011,1.8,2.04
08.10.2022 00:00:33.662 GMT+0800,142.02200000000002,142.009,1.2,2.94
08.10.2022 00:00:33.713 GMT+0800,142.023,142.009,1.2,2.7
08.10.2022 00:00:33.815 GMT+0800,142.023,142.007,1.2,1.2
08.10.2022 00:00:33.967 GMT+0800,142.023,142.008,2.84,2.94
08.10.2022 00:00:34.018 GMT+0800,142.023,142.008,3.14,3.38
08.10.2022 00:00:34.158 GMT+0800,142.023,142.009,2.4,1.2
08.10.2022 00:00:34.209 GMT+0800,142.023,142.008,2.84,1.8
08.10.2022 00:00:34.310 GMT+0800,142.023,142.011,1.2,1.44
08.10.2022 00:00:34.412 GMT+0800,142.026,142.014,2.4,1.32
08.10.2022 00:00:34.514 GMT+0800,142.029,142.01500000000001,1.2,1.44
08.10.2022 00:00:34.615 GMT+0800,142.028,142.014,1.2,3.68
08.10.2022 00:00:34.767 GMT+0800,142.029,142.013,1.2,1.32
08.10.2022 00:00:35.110 GMT+0800,142.029,142.023,1.94,1.2
08.10.2022 00:00:35.161 GMT+0800,142.03,142.026,1.2,6.3
08.10.2022 00:00:35.212 GMT+0800,142.035,142.026,1.2,1.2
08.10.2022 00:00:35.263 GMT+0800,142.037,142.026,3.78,1.8
08.10.2022 00:00:35.364 GMT+0800,142.037,142.023,2.42,4.28
08.10.2022 00:00:35.466 GMT+0800,142.037,142.024,1.44,1.92
08.10.2022 00:00:35.517 GMT+0800,142.039,142.025,2.4,1.2
08.10.2022 00:00:35.618 GMT+0800,142.039,142.023,2.84,5.64
08.10.2022 00:00:35.669 GMT+0800,142.03799999999998,142.024,1.94,1.2
08.10.2022 00:00:35.822 GMT+0800,142.034,142.02100000000002,1.8,3.3
08.10.2022 00:00:35.974 GMT+0800,142.035,142.019,1.94,1.92
08.10.2022 00:00:36.025 GMT+0800,142.034,142.02200000000002,1.2,1.2
08.10.2022 00:00:36.127 GMT+0800,142.037,142.023,1.2,1.2
08.10.2022 00:00:36.178 GMT+0800,142.037,142.023,1.2,1.2
08.10.2022 00:00:36.280 GMT+0800,142.03,142.019,1.8,3.14
08.10.2022 00:00:36.382 GMT+0800,142.031,142.01700000000002,1.2,1.32
08.10.2022 00:00:36.483 GMT+0800,142.031,142.018,1.34,1.32
08.10.2022 00:00:36.635 GMT+0800,142.032,142.018,1.94,1.32
08.10.2022 00:00:36.737 GMT+0800,142.032,142.018,1.34,1.92
08.10.2022 00:00:36.949 GMT+0800,142.031,142.018,1.2,1.32
08.10.2022 00:00:37.051 GMT+0800,142.033,142.018,4.2,1.2
08.10.2022 00:00:37.525 GMT+0800,142.034,142.01700000000002,4.2,1.2
08.10.2022 00:00:37.626 GMT+0800,142.033,142.019,3.3,1.2
08.10.2022 00:00:37.778 GMT+0800,142.033,142.019,3.3,1.2
08.10.2022 00:00:37.880 GMT+0800,142.034,142.019,3.3,1.2
08.10.2022 00:00:38.097 GMT+0800,142.033,142.02100000000002,2.24,1.2
08.10.2022 00:00:38.332 GMT+0800,142.036,142.02200000000002,1.2,1.2
08.10.2022 00:00:38.434 GMT+0800,142.037,142.02200000000002,4.2,1.92
08.10.2022 00:00:38.610 GMT+0800,142.036,142.02100000000002,1.2,1.2
08.10.2022 00:00:38.661 GMT+0800,142.036,142.02100000000002,1.94,1.2
08.10.2022 00:00:38.914 GMT+0800,142.035,142.02200000000002,1.2,1.2
08.10.2022 00:00:39.015 GMT+0800,142.035,142.02100000000002,1.8,1.2
08.10.2022 00:00:39.268 GMT+0800,142.035,142.029,1.34,1.2
08.10.2022 00:00:39.320 GMT+0800,142.04,142.036,1.34,1.2
08.10.2022 00:00:39.370 GMT+0800,142.043,142.034,1.2,1.8
08.10.2022 00:00:39.473 GMT+0800,142.042,142.035,1.2,1.94
08.10.2022 00:00:39.524 GMT+0800,142.048,142.036,1.2,1.2
08.10.2022 00:00:39.757 GMT+0800,142.05,142.036,1.8,1.2
08.10.2022 00:00:39.808 GMT+0800,142.05100000000002,142.04,2.24,1.2
08.10.2022 00:00:39.860 GMT+0800,142.054,142.042,1.2,1.2
08.10.2022 00:00:39.911 GMT+0800,142.056,142.041,1.86,1.2
08.10.2022 00:00:40.012 GMT+0800,142.055,142.041,1.34,1.2
08.10.2022 00:00:40.164 GMT+0800,142.054,142.042,1.34,1.2
08.10.2022 00:00:40.266 GMT+0800,142.058,142.04500000000002,1.4,1.8
08.10.2022 00:00:40.367 GMT+0800,142.058,142.04600000000002,1.2,1.2
08.10.2022 00:00:40.671 GMT+0800,142.054,142.042,1.8,3.3
08.10.2022 00:00:40.722 GMT+0800,142.054,142.042,1.2,2.7
08.10.2022 00:00:40.824 GMT+0800,142.047,142.039,1.32,1.34
08.10.2022 00:00:40.926 GMT+0800,142.04600000000002,142.036,1.2,1.2
08.10.2022 00:00:40.977 GMT+0800,142.04600000000002,142.034,1.2,1.2
08.10.2022 00:00:41.140 GMT+0800,142.04600000000002,142.032,1.2,2.84
08.10.2022 00:00:41.292 GMT+0800,142.043,142.032,1.2,1.8
08.10.2022 00:00:41.394 GMT+0800,142.043,142.031,1.2,1.34
08.10.2022 00:00:41.783 GMT+0800,142.04500000000002,142.031,1.2,3.3
08.10.2022 00:00:41.889 GMT+0800,142.044,142.031,1.94,1.8
08.10.2022 00:00:41.940 GMT+0800,142.04500000000002,142.032,1.8,1.2
08.10.2022 00:00:42.041 GMT+0800,142.04500000000002,142.032,1.2,1.2
08.10.2022 00:00:42.244 GMT+0800,142.04600000000002,142.033,1.2,1.92
08.10.2022 00:00:42.346 GMT+0800,142.048,142.033,1.2,1.2
08.10.2022 00:00:42.447 GMT+0800,142.048,142.032,1.2,1.2
08.10.2022 00:00:42.549 GMT+0800,142.042,142.031,2.24,1.34
08.10.2022 00:00:42.650 GMT+0800,142.042,142.02700000000002,2.84,3.56
08.10.2022 00:00:42.802 GMT+0800,142.041,142.02700000000002,1.2,1.92
08.10.2022 00:00:43.159 GMT+0800,142.04,142.025,1.2,3.84
08.10.2022 00:00:43.260 GMT+0800,142.04,142.025,1.2,2.04
08.10.2022 00:00:43.362 GMT+0800,142.039,142.033,1.2,1.2
08.10.2022 00:00:43.464 GMT+0800,142.047,142.035,1.44,4.64
08.10.2022 00:00:43.515 GMT+0800,142.047,142.035,2.04,5.4
08.10.2022 00:00:43.717 GMT+0800,142.047,142.033,1.2,1.92
08.10.2022 00:00:44.011 GMT+0800,142.047,142.033,1.2,1.92
08.10.2022 00:00:44.114 GMT+0800,142.047,142.033,1.2,1.92
08.10.2022 00:00:44.215 GMT+0800,142.047,142.034,1.2,1.2
08.10.2022 00:00:44.317 GMT+0800,142.048,142.035,1.94,1.2
08.10.2022 00:00:44.368 GMT+0800,142.047,142.034,1.2,1.2
08.10.2022 00:00:44.470 GMT+0800,142.047,142.033,1.94,2.22
08.10.2022 00:00:44.572 GMT+0800,142.04600000000002,142.032,1.2,1.98
08.10.2022 00:00:44.997 GMT+0800,142.04500000000002,142.032,1.2,1.8
08.10.2022 00:00:45.099 GMT+0800,142.041,142.028,1.2,1.2
08.10.2022 00:00:45.353 GMT+0800,142.041,142.03,1.8,1.2
08.10.2022 00:00:45.404 GMT+0800,142.039,142.02700000000002,1.2,1.2
08.10.2022 00:00:45.506 GMT+0800,142.037,142.02700000000002,1.2,1.2
08.10.2022 00:00:45.608 GMT+0800,142.036,142.02700000000002,1.2,1.2
08.10.2022 00:00:45.962 GMT+0800,142.037,142.026,1.2,1.2
08.10.2022 00:00:46.013 GMT+0800,142.036,142.025,1.2,1.2
08.10.2022 00:00:46.115 GMT+0800,142.036,142.025,1.2,1.2
08.10.2022 00:00:46.317 GMT+0800,142.035,142.025,1.2,1.2
08.10.2022 00:00:47.343 GMT+0800,142.032,142.02200000000002,1.8,2.7
08.10.2022 00:00:47.394 GMT+0800,142.033,142.02200000000002,1.2,2.7
08.10.2022 00:00:47.445 GMT+0800,142.033,142.019,1.2,1.34
08.10.2022 00:00:47.547 GMT+0800,142.031,142.01700000000002,1.94,1.2
08.10.2022 00:00:47.648 GMT+0800,142.032,142.01500000000001,1.94,1.44
08.10.2022 00:00:47.800 GMT+0800,142.03,142.01500000000001,1.2,2.06
08.10.2022 00:00:47.902 GMT+0800,142.03,142.01700000000002,1.2,1.44
08.10.2022 00:00:48.004 GMT+0800,142.031,142.01700000000002,1.8,2.04
08.10.2022 00:00:48.106 GMT+0800,142.029,142.01700000000002,1.2,1.2
08.10.2022 00:00:48.207 GMT+0800,142.03,142.01600000000002,1.2,1.2
08.10.2022 00:00:48.520 GMT+0800,142.028,142.01600000000002,1.2,1.2
08.10.2022 00:00:48.622 GMT+0800,142.035,142.02700000000002,1.2,3.14
08.10.2022 00:00:48.724 GMT+0800,142.039,142.02700000000002,1.94,1.2
08.10.2022 00:00:48.825 GMT+0800,142.037,142.024,1.2,3.6
08.10.2022 00:00:48.927 GMT+0800,142.036,142.02200000000002,1.2,1.8
08.10.2022 00:00:49.028 GMT+0800,142.035,142.023,1.8,1.2
08.10.2022 00:00:49.079 GMT+0800,142.034,142.02100000000002,1.2,2.34
08.10.2022 00:00:49.181 GMT+0800,142.031,142.019,1.92,1.8
08.10.2022 00:00:49.232 GMT+0800,142.03,142.01500000000001,1.94,1.88
08.10.2022 00:00:49.333 GMT+0800,142.03,142.01500000000001,1.94,1.88
08.10.2022 00:00:49.435 GMT+0800,142.031,142.01600000000002,1.94,1.2
08.10.2022 00:00:49.536 GMT+0800,142.031,142.018,1.34,1.2
08.10.2022 00:00:50.474 GMT+0800,142.026,142.01500000000001,1.2,3.3
08.10.2022 00:00:50.525 GMT+0800,142.023,142.01500000000001,1.2,3.3
08.10.2022 00:00:50.576 GMT+0800,142.023,142.01500000000001,1.2,1.32
08.10.2022 00:00:50.678 GMT+0800,142.026,142.013,1.2,2.04
08.10.2022 00:00:50.779 GMT+0800,142.029,142.013,6.9,2.94
08.10.2022 00:00:50.880 GMT+0800,142.026,142.014,1.2,1.32
08.10.2022 00:00:50.931 GMT+0800,142.029,142.01500000000001,3.3,1.2
08.10.2022 00:00:51.033 GMT+0800,142.029,142.012,1.2,1.92
08.10.2022 00:00:51.134 GMT+0800,142.029,142.014,3.74,1.2
08.10.2022 00:00:51.236 GMT+0800,142.029,142.01500000000001,2.4,1.92
08.10.2022 00:00:51.337 GMT+0800,142.03,142.01700000000002,2.24,1.2
08.10.2022 00:00:51.439 GMT+0800,142.031,142.018,1.34,1.2
08.10.2022 00:00:51.540 GMT+0800,142.031,142.01500000000001,1.8,1.92
08.10.2022 00:00:51.734 GMT+0800,142.03,142.01500000000001,1.8,1.32
08.10.2022 00:00:51.836 GMT+0800,142.02700000000002,142.013,1.2,1.32
08.10.2022 00:00:51.988 GMT+0800,142.026,142.012,1.8,2.06
08.10.2022 00:00:52.089 GMT+0800,142.024,142.01,1.2,2.78
08.10.2022 00:00:52.140 GMT+0800,142.024,142.011,1.2,1.32
08.10.2022 00:00:52.293 GMT+0800,142.024,142.01,1.2,2.4
08.10.2022 00:00:52.394 GMT+0800,142.025,142.01,1.94,2.84
08.10.2022 00:00:52.495 GMT+0800,142.025,142.01,1.94,1.2
08.10.2022 00:00:52.597 GMT+0800,142.024,142.01,1.8,1.94
08.10.2022 00:00:52.698 GMT+0800,142.023,142.01600000000002,1.8,1.2
08.10.2022 00:00:52.801 GMT+0800,142.028,142.02100000000002,1.2,2.24
08.10.2022 00:00:52.852 GMT+0800,142.033,142.019,1.2,2.4
08.10.2022 00:00:52.903 GMT+0800,142.034,142.019,1.42,2.4
08.10.2022 00:00:52.954 GMT+0800,142.034,142.019,2.48,1.94
08.10.2022 00:00:53.005 GMT+0800,142.034,142.02100000000002,1.51,1.2
08.10.2022 00:00:53.106 GMT+0800,142.032,142.02,1.2,1.2
08.10.2022 00:00:53.208 GMT+0800,142.032,142.01700000000002,1.2,2.84
08.10.2022 00:00:53.309 GMT+0800,142.03,142.01600000000002,2.24,3.74
08.10.2022 00:00:53.411 GMT+0800,142.028,142.01700000000002,1.2,1.2
08.10.2022 00:00:53.462 GMT+0800,142.031,142.01700000000002,1.34,2.84
08.10.2022 00:00:53.513 GMT+0800,142.031,142.01600000000002,1.2,1.8
08.10.2022 00:00:53.869 GMT+0800,142.031,142.02100000000002,1.2,1.2
08.10.2022 00:00:53.970 GMT+0800,142.034,142.02,1.2,2.7
08.10.2022 00:00:54.072 GMT+0800,142.034,142.019,1.92,1.94
08.10.2022 00:00:54.173 GMT+0800,142.031,142.01700000000002,2.4,2.84
08.10.2022 00:00:54.427 GMT+0800,142.031,142.019,1.8,1.2
08.10.2022 00:00:54.732 GMT+0800,142.028,142.018,1.32,1.2
08.10.2022 00:00:54.783 GMT+0800,142.028,142.013,2.4,1.8
08.10.2022 00:00:54.884 GMT+0800,142.026,142.011,3.3,1.2
08.10.2022 00:00:54.935 GMT+0800,142.023,142.009,2.48,3.14
08.10.2022 00:00:55.037 GMT+0800,142.02100000000002,142.007,2.4,2.84
08.10.2022 00:00:55.088 GMT+0800,142.019,142.007,1.2,2.7
08.10.2022 00:00:55.190 GMT+0800,142.02100000000002,142.008,3.3,1.2
08.10.2022 00:00:55.291 GMT+0800,142.02100000000002,142.007,2.4,3.6
08.10.2022 00:00:55.393 GMT+0800,142.02100000000002,142.008,2.4,1.2
08.10.2022 00:00:55.494 GMT+0800,142.02,142.009,1.2,1.2
08.10.2022 00:00:55.545 GMT+0800,142.02100000000002,142.007,1.2,4.5
08.10.2022 00:00:55.647 GMT+0800,142.02100000000002,142.006,1.34,3.74
08.10.2022 00:00:55.748 GMT+0800,142.019,142.006,1.2,2.84
08.10.2022 00:00:56.303 GMT+0800,142.019,142.004,1.2,2.7
08.10.2022 00:00:56.404 GMT+0800,142.01700000000002,142.005,1.2,1.2
08.10.2022 00:00:56.505 GMT+0800,142.02,142.007,1.2,1.8
08.10.2022 00:00:56.556 GMT+0800,142.02,142.007,1.2,2.4
08.10.2022 00:00:56.658 GMT+0800,142.02,142.007,1.2,1.34
08.10.2022 00:00:56.860 GMT+0800,142.019,142.004,1.2,1.8
08.10.2022 00:00:57.012 GMT+0800,142.019,142.005,1.94,1.2
08.10.2022 00:00:57.195 GMT+0800,142.019,142.006,1.94,1.2
08.10.2022 00:00:57.246 GMT+0800,142.02200000000002,142.019,1.34,1.2
08.10.2022 00:00:57.348 GMT+0800,142.024,142.019,1.8,1.2
08.10.2022 00:00:57.399 GMT+0800,142.035,142.02,1.94,2.84
08.10.2022 00:00:57.501 GMT+0800,142.035,142.02,3.3,1.2
08.10.2022 00:00:57.602 GMT+0800,142.033,142.019,1.2,1.2
08.10.2022 00:00:57.704 GMT+0800,142.033,142.019,1.2,1.2
08.10.2022 00:00:58.258 GMT+0800,142.034,142.019,1.2,2.84
08.10.2022 00:00:58.511 GMT+0800,142.034,142.02,1.8,1.2
08.10.2022 00:00:58.653 GMT+0800,142.025,142.018,1.8,4.68
08.10.2022 00:00:58.704 GMT+0800,142.023,142.013,1.94,1.2
08.10.2022 00:00:58.755 GMT+0800,142.02100000000002,142.009,1.8,1.8
08.10.2022 00:00:58.806 GMT+0800,142.02100000000002,142.008,3.14,1.2
08.10.2022 00:00:59.385 GMT+0800,142.018,142.006,1.2,2.4
08.10.2022 00:00:59.487 GMT+0800,142.02,142.007,1.2,2.84
08.10.2022 00:00:59.591 GMT+0800,142.02100000000002,142.007,1.34,3.74
08.10.2022 00:00:59.697 GMT+0800,142.02100000000002,142.007,1.8,1.2
08.10.2022 00:01:00.079 GMT+0800,142.02,142.007,1.8,1.8
08.10.2022 00:01:00.129 GMT+0800,142.02,142.006,1.8,1.94
08.10.2022 00:01:00.180 GMT+0800,142.02,142.006,2.4,1.8
08.10.2022 00:01:00.282 GMT+0800,142.018,142.005,1.2,2.24
08.10.2022 00:01:00.383 GMT+0800,142.018,142.006,1.2,1.2
08.10.2022 00:01:00.484 GMT+0800,142.018,142.005,1.2,1.8
08.10.2022 00:01:00.535 GMT+0800,142.02,142.006,1.94,1.2
08.10.2022 00:01:00.687 GMT+0800,142.02,142.006,1.94,1.8
08.10.2022 00:01:00.789 GMT+0800,142.02,142.004,1.2,1.8
08.10.2022 00:01:00.890 GMT+0800,142.019,142.007,1.2,2.7
08.10.2022 00:01:00.992 GMT+0800,142.02,142.006,1.2,2.7
08.10.2022 00:01:01.103 GMT+0800,142.01700000000002,142.006,1.2,1.2
08.10.2022 00:01:01.205 GMT+0800,142.018,142.005,1.2,1.2
08.10.2022 00:01:01.307 GMT+0800,142.01700000000002,142.004,1.2,2.4
08.10.2022 00:01:01.459 GMT+0800,142.01700000000002,142.003,1.2,2.84
08.10.2022 00:01:01.607 GMT+0800,142.019,142.005,3.74,1.34
08.10.2022 00:01:01.708 GMT+0800,142.019,142.004,3.3,3.74
08.10.2022 00:01:01.810 GMT+0800,142.02,142.01600000000002,1.8,1.2
08.10.2022 00:01:01.912 GMT+0800,142.025,142.02,1.8,3.14
08.10.2022 00:01:01.963 GMT+0800,142.028,142.023,1.8,1.8
08.10.2022 00:01:02.014 GMT+0800,142.032,142.024,1.2,1.2
08.10.2022 00:01:02.116 GMT+0800,142.036,142.023,1.24,3.3
08.10.2022 00:01:02.167 GMT+0800,142.036,142.023,1.24,3.14
08.10.2022 00:01:02.269 GMT+0800,142.035,142.02200000000002,1.2,1.2
08.10.2022 00:01:02.320 GMT+0800,142.033,142.019,1.2,2.84
08.10.2022 00:01:02.371 GMT+0800,142.032,142.019,1.2,2.24
08.10.2022 00:01:02.730 GMT+0800,142.033,142.019,2.4,1.2
08.10.2022 00:01:02.781 GMT+0800,142.033,142.02,1.2,1.2
08.10.2022 00:01:02.832 GMT+0800,142.03799999999998,142.02200000000002,2.24,1.2
08.10.2022 00:01:02.883 GMT+0800,142.03799999999998,142.023,2.4,1.2
08.10.2022 00:01:02.985 GMT+0800,142.037,142.023,2.4,1.2
08.10.2022 00:01:03.137 GMT+0800,142.037,142.02200000000002,2.4,1.2
08.10.2022 00:01:03.290 GMT+0800,142.037,142.02200000000002,2.4,1.2
08.10.2022 00:01:03.392 GMT+0800,142.034,142.02,3.3,5.28
08.10.2022 00:01:03.494 GMT+0800,142.032,142.01700000000002,1.2,1.2
08.10.2022 00:01:03.595 GMT+0800,142.02700000000002,142.01600000000002,1.34,5.72
08.10.2022 00:01:03.646 GMT+0800,142.026,142.011,1.2,1.2
08.10.2022 00:01:03.748 GMT+0800,142.02200000000002,142.01,1.8,1.2
08.10.2022 00:01:03.850 GMT+0800,142.025,142.011,1.8,1.94
08.10.2022 00:01:04.107 GMT+0800,142.025,142.012,1.8,1.8
08.10.2022 00:01:04.209 GMT+0800,142.024,142.01,1.2,1.8
08.10.2022 00:01:04.310 GMT+0800,142.024,142.011,1.94,1.34
08.10.2022 00:01:04.463 GMT+0800,142.02100000000002,142.009,1.2,2.7
08.10.2022 00:01:04.729 GMT+0800,142.02100000000002,142.008,1.2,2.7
08.10.2022 00:01:04.831 GMT+0800,142.01700000000002,142.008,1.2,1.2
08.10.2022 00:01:04.882 GMT+0800,142.01600000000002,142.004,1.8,1.2
08.10.2022 00:01:04.983 GMT+0800,142.01500000000001,142.001,1.8,2.4
08.10.2022 00:01:05.085 GMT+0800,142.01500000000001,142.002,1.94,2.7
08.10.2022 00:01:05.186 GMT+0800,142.01500000000001,142.003,1.2,1.2
08.10.2022 00:01:05.324 GMT+0800,142.01600000000002,142.001,1.2,2.7
08.10.2022 00:01:05.427 GMT+0800,142.014,142.002,1.2,1.2
08.10.2022 00:01:05.529 GMT+0800,142.01500000000001,142.002,1.2,1.8
08.10.2022 00:01:05.681 GMT+0800,142.01600000000002,142.003,2.4,1.2
08.10.2022 00:01:06.049 GMT+0800,142.01700000000002,142.004,2.24,1.2
08.10.2022 00:01:06.151 GMT+0800,142.024,142.019,1.8,1.2
08.10.2022 00:01:06.253 GMT+0800,142.025,142.01700000000002,1.2,1.8
08.10.2022 00:01:06.304 GMT+0800,142.029,142.019,1.2,1.8
08.10.2022 00:01:06.355 GMT+0800,142.033,142.02,2.06,1.2
08.10.2022 00:01:06.406 GMT+0800,142.032,142.019,1.32,1.8
08.10.2022 00:01:06.507 GMT+0800,142.031,142.018,2.04,1.2
08.10.2022 00:01:06.609 GMT+0800,142.029,142.01700000000002,1.34,1.2
08.10.2022 00:01:06.710 GMT+0800,142.03,142.01600000000002,1.2,1.2
08.10.2022 00:01:06.944 GMT+0800,142.028,142.014,1.32,1.2
08.10.2022 00:01:06.995 GMT+0800,142.026,142.013,1.8,1.2
08.10.2022 00:01:07.097 GMT+0800,142.02700000000002,142.014,1.32,1.2
08.10.2022 00:01:07.249 GMT+0800,142.028,142.01500000000001,1.44,1.2
08.10.2022 00:01:07.352 GMT+0800,142.02,142.011,1.2,1.2
08.10.2022 00:01:07.403 GMT+0800,142.02200000000002,142.007,1.8,1.94
08.10.2022 00:01:07.504 GMT+0800,142.02200000000002,142.009,2.24,1.2
08.10.2022 00:01:07.606 GMT+0800,142.024,142.008,2.4,1.2
08.10.2022 00:01:07.708 GMT+0800,142.019,142.007,1.2,1.2
08.10.2022 00:01:07.809 GMT+0800,142.02200000000002,142.009,1.88,1.2
08.10.2022 00:01:07.910 GMT+0800,142.023,142.006,2.48,1.2
08.10.2022 00:01:08.012 GMT+0800,142.02200000000002,142.007,2.34,1.2
08.10.2022 00:01:08.114 GMT+0800,142.02,142.007,1.2,1.8
08.10.2022 00:01:08.165 GMT+0800,142.02100000000002,142.007,1.8,1.2
08.10.2022 00:01:08.365 GMT+0800,142.02100000000002,142.007,1.8,1.34
08.10.2022 00:01:08.517 GMT+0800,142.02,142.013,1.2,1.8
08.10.2022 00:01:08.569 GMT+0800,142.02100000000002,142.011,1.2,1.8
08.10.2022 00:01:08.621 GMT+0800,142.02700000000002,142.012,1.2,1.2
08.10.2022 00:01:08.773 GMT+0800,142.028,142.013,1.94,1.2
08.10.2022 00:01:08.875 GMT+0800,142.024,142.011,1.8,1.2
08.10.2022 00:01:09.078 GMT+0800,142.024,142.009,1.2,1.8
08.10.2022 00:01:09.179 GMT+0800,142.02200000000002,142.01,1.2,1.2
08.10.2022 00:01:09.281 GMT+0800,142.023,142.011,1.2,1.2
08.10.2022 00:01:09.382 GMT+0800,142.025,142.011,2.24,1.2
08.10.2022 00:01:09.534 GMT+0800,142.025,142.014,1.8,1.2
08.10.2022 00:01:09.636 GMT+0800,142.026,142.011,2.24,1.2
08.10.2022 00:01:09.737 GMT+0800,142.025,142.012,2.24,1.2
08.10.2022 00:01:09.839 GMT+0800,142.025,142.011,2.24,1.8
08.10.2022 00:01:09.940 GMT+0800,142.026,142.01,2.4,1.2
08.10.2022 00:01:10.178 GMT+0800,142.025,142.011,1.94,1.2
08.10.2022 00:01:10.330 GMT+0800,142.025,142.012,1.34,1.2
08.10.2022 00:01:10.432 GMT+0800,142.026,142.011,1.94,3.02
08.10.2022 00:01:10.581 GMT+0800,142.026,142.011,1.94,3.02
08.10.2022 00:01:10.904 GMT+0800,142.026,142.011,1.94,3.02
08.10.2022 00:01:11.006 GMT+0800,142.026,142.011,3.84,1.2
08.10.2022 00:01:11.158 GMT+0800,142.023,142.01,1.2,1.2
08.10.2022 00:01:11.310 GMT+0800,142.026,142.013,1.8,1.2
08.10.2022 00:01:11.512 GMT+0800,142.028,142.013,3.3,1.2
08.10.2022 00:01:11.614 GMT+0800,142.029,142.012,3.3,1.2
08.10.2022 00:01:11.715 GMT+0800,142.03,142.014,1.8,1.2
08.10.2022 00:01:12.129 GMT+0800,142.03,142.013,2.84,1.2
08.10.2022 00:01:13.253 GMT+0800,142.026,142.014,1.34,1.2
08.10.2022 00:01:13.304 GMT+0800,142.02700000000002,142.014,2.24,1.2
08.10.2022 00:01:13.531 GMT+0800,142.02700000000002,142.014,2.4,1.2
08.10.2022 00:01:14.193 GMT+0800,142.02700000000002,142.011,2.4,1.2
08.10.2022 00:01:14.699 GMT+0800,142.026,142.013,3.14,1.2
08.10.2022 00:01:15.122 GMT+0800,142.025,142.011,1.2,2.84
08.10.2022 00:01:15.223 GMT+0800,142.024,142.01,1.8,1.94
08.10.2022 00:01:15.578 GMT+0800,142.02200000000002,142.009,1.2,1.8
08.10.2022 00:01:15.680 GMT+0800,142.02,142.007,1.8,1.94
08.10.2022 00:01:15.781 GMT+0800,142.02,142.007,1.8,1.2
08.10.2022 00:01:15.832 GMT+0800,142.02,142.007,1.34,1.2
08.10.2022 00:01:15.934 GMT+0800,142.02200000000002,142.007,3.3,1.2
08.10.2022 00:01:16.190 GMT+0800,142.02100000000002,142.006,1.2,1.2
08.10.2022 00:01:16.241 GMT+0800,142.02,142.005,1.8,3.74
08.10.2022 00:01:16.343 GMT+0800,142.02,142.007,1.2,1.2
08.10.2022 00:01:16.444 GMT+0800,142.02100000000002,142.007,2.24,1.2
08.10.2022 00:01:16.853 GMT+0800,142.02100000000002,142.007,1.8,1.2
08.10.2022 00:01:17.065 GMT+0800,142.019,142.005,1.8,1.2
08.10.2022 00:01:17.167 GMT+0800,142.02200000000002,142.01,1.2,1.34
08.10.2022 00:01:17.218 GMT+0800,142.02200000000002,142.01,1.2,1.8
08.10.2022 00:01:17.319 GMT+0800,142.025,142.011,1.8,1.2
08.10.2022 00:01:17.674 GMT+0800,142.025,142.008,3.14,3.02
08.10.2022 00:01:17.873 GMT+0800,142.023,142.008,1.2,3.74
08.10.2022 00:01:17.924 GMT+0800,142.02100000000002,142.008,1.2,3.14
08.10.2022 00:01:17.975 GMT+0800,142.023,142.007,1.8,1.2
08.10.2022 00:01:18.026 GMT+0800,142.02100000000002,142.006,1.8,3.92
08.10.2022 00:01:18.279 GMT+0800,142.02200000000002,142.007,2.4,3.74
08.10.2022 00:01:18.432 GMT+0800,142.02200000000002,142.008,1.8,1.2
08.10.2022 00:01:18.584 GMT+0800,142.02200000000002,142.008,1.8,1.2
08.10.2022 00:01:18.685 GMT+0800,142.02100000000002,142.007,1.2,2.84
08.10.2022 00:01:18.889 GMT+0800,142.023,142.008,1.8,1.94
08.10.2022 00:01:19.041 GMT+0800,142.023,142.009,1.8,1.2
08.10.2022 00:01:19.261 GMT+0800,142.023,142.008,1.8,1.94
08.10.2022 00:01:19.680 GMT+0800,142.023,142.006,1.2,4.64
08.10.2022 00:01:20.033 GMT+0800,142.02200000000002,142.008,1.8,1.2
08.10.2022 00:01:20.135 GMT+0800,142.023,142.008,2.4,1.2
08.10.2022 00:01:20.487 GMT+0800,142.023,142.008,2.04,1.2
08.10.2022 00:01:20.589 GMT+0800,142.02,142.008,1.8,1.2
08.10.2022 00:01:20.690 GMT+0800,142.02,142.007,1.94,1.8
08.10.2022 00:01:20.849 GMT+0800,142.019,142.004,1.2,3.74
08.10.2022 00:01:20.950 GMT+0800,142.02,142.005,3.84,1.2
08.10.2022 00:01:21.395 GMT+0800,142.02100000000002,142.004,1.94,1.94
08.10.2022 00:01:21.496 GMT+0800,142.02,142.005,1.94,1.94
08.10.2022 00:01:21.598 GMT+0800,142.02,142.007,1.34,1.8
08.10.2022 00:01:21.901 GMT+0800,142.02100000000002,142.006,1.2,2.7
08.10.2022 00:01:22.053 GMT+0800,142.02,142.007,2.4,1.2
08.10.2022 00:01:22.104 GMT+0800,142.019,142.007,1.2,1.34
08.10.2022 00:01:22.272 GMT+0800,142.01500000000001,142.005,1.8,1.44
08.10.2022 00:01:22.323 GMT+0800,142.01600000000002,142.004,1.2,1.34
08.10.2022 00:01:22.526 GMT+0800,142.01600000000002,142.001,1.8,4.38
08.10.2022 00:01:22.628 GMT+0800,142.014,142.001,1.8,1.8
08.10.2022 00:01:22.729 GMT+0800,142.01,142.001,1.2,1.2
08.10.2022 00:01:22.831 GMT+0800,142.01600000000002,142.001,1.2,3.74
08.10.2022 00:01:22.882 GMT+0800,142.014,142.001,1.2,4.64
08.10.2022 00:01:22.933 GMT+0800,142.01600000000002,142.002,1.2,1.2
08.10.2022 00:01:22.984 GMT+0800,142.013,142.001,1.2,1.34
08.10.2022 00:01:23.035 GMT+0800,142.01500000000001,142.001,1.2,1.2
08.10.2022 00:01:23.136 GMT+0800,142.01600000000002,142.001,1.2,1.8
08.10.2022 00:01:23.288 GMT+0800,142.01600000000002,142.001,1.2,1.8
08.10.2022 00:01:23.390 GMT+0800,142.014,142.001,1.2,1.34
08.10.2022 00:01:23.491 GMT+0800,142.014,142,1.2,1.2
08.10.2022 00:01:23.744 GMT+0800,142.013,142.001,1.2,1.2
08.10.2022 00:01:23.961 GMT+0800,142.013,142.001,1.2,1.2
08.10.2022 00:01:24.072 GMT+0800,142.012,142,1.2,1.2
08.10.2022 00:01:24.174 GMT+0800,142.01500000000001,142.001,1.8,1.8
08.10.2022 00:01:24.276 GMT+0800,142.01700000000002,142.004,1.94,1.2
08.10.2022 00:01:24.327 GMT+0800,142.01700000000002,142.002,1.8,2.4
08.10.2022 00:01:24.429 GMT+0800,142.01600000000002,142.004,1.2,1.2
08.10.2022 00:01:24.530 GMT+0800,142.01700000000002,142.002,1.94,1.94
08.10.2022 00:01:24.632 GMT+0800,142.01700000000002,142.002,1.94,1.94
08.10.2022 00:01:24.888 GMT+0800,142.01700000000002,142.002,1.94,1.94
08.10.2022 00:01:25.025 GMT+0800,142.018,142.004,1.2,1.8
08.10.2022 00:01:25.227 GMT+0800,142.018,142.003,1.2,1.34
08.10.2022 00:01:25.648 GMT+0800,142.02,142.006,3.3,1.2
08.10.2022 00:01:25.750 GMT+0800,142.019,142.005,1.2,1.2
08.10.2022 00:01:25.851 GMT+0800,142.01700000000002,142.004,1.2,1.2
08.10.2022 00:01:26.055 GMT+0800,142.01700000000002,142.004,1.2,1.8
08.10.2022 00:01:26.430 GMT+0800,142.018,142.005,2.84,1.2
08.10.2022 00:01:26.599 GMT+0800,142.018,142.005,2.84,1.2
08.10.2022 00:01:26.700 GMT+0800,142.018,142.005,2.84,1.2
08.10.2022 00:01:26.802 GMT+0800,142.01700000000002,142.005,1.2,1.2
08.10.2022 00:01:26.920 GMT+0800,142.019,142.004,2.84,1.2
08.10.2022 00:01:27.038 GMT+0800,142.018,142.005,2.84,1.2
08.10.2022 00:01:27.240 GMT+0800,142.019,142.004,1.34,1.2
08.10.2022 00:01:27.424 GMT+0800,142.02,142.006,2.94,1.2
08.10.2022 00:01:27.526 GMT+0800,142.02,142.007,3.24,1.2
08.10.2022 00:01:27.745 GMT+0800,142.02,142.007,2.94,1.2
08.10.2022 00:01:27.846 GMT+0800,142.019,142.004,1.2,1.94
08.10.2022 00:01:28.052 GMT+0800,142.019,142.004,1.2,1.94
08.10.2022 00:01:28.154 GMT+0800,142.02,142.006,1.8,1.2
08.10.2022 00:01:28.255 GMT+0800,142.02,142.007,1.34,1.2
08.10.2022 00:01:28.357 GMT+0800,142.02,142.005,2.48,1.2
08.10.2022 00:01:28.458 GMT+0800,142.02,142.006,2.04,1.2
08.10.2022 00:01:29.112 GMT+0800,142.02100000000002,142.006,3.38,1.2
08.10.2022 00:01:29.682 GMT+0800,142.02200000000002,142.005,3.38,1.2
08.10.2022 00:01:29.784 GMT+0800,142.02,142.005,1.2,1.94
08.10.2022 00:01:30.066 GMT+0800,142.02100000000002,142.006,3.84,1.2
08.10.2022 00:01:30.441 GMT+0800,142.02100000000002,142.008,1.2,1.8
08.10.2022 00:01:30.542 GMT+0800,142.02200000000002,142.011,1.2,1.2
08.10.2022 00:01:30.644 GMT+0800,142.024,142.011,4.28,1.2
08.10.2022 00:01:31.118 GMT+0800,142.024,142.011,4.04,1.2
08.10.2022 00:01:31.322 GMT+0800,142.024,142.012,4.04,1.2
08.10.2022 00:01:31.454 GMT+0800,142.024,142.012,3.6,1.2
08.10.2022 00:01:31.555 GMT+0800,142.024,142.011,1.2,1.2
08.10.2022 00:01:31.657 GMT+0800,142.025,142.012,2.7,1.2
08.10.2022 00:01:31.759 GMT+0800,142.02200000000002,142.01,1.8,1.2
08.10.2022 00:01:31.810 GMT+0800,142.02,142.007,1.2,1.8
08.10.2022 00:01:31.911 GMT+0800,142.02,142.007,1.2,1.8
08.10.2022 00:01:32.219 GMT+0800,142.019,142.005,1.94,1.2
08.10.2022 00:01:32.321 GMT+0800,142.01600000000002,142.004,1.34,1.94
08.10.2022 00:01:32.473 GMT+0800,142.01700000000002,142.003,1.8,1.34
08.10.2022 00:01:32.676 GMT+0800,142.01600000000002,142.004,1.34,1.34
08.10.2022 00:01:32.778 GMT+0800,142.01600000000002,142.004,1.2,1.8
08.10.2022 00:01:32.880 GMT+0800,142.02,142.006,1.2,1.2
08.10.2022 00:01:33.082 GMT+0800,142.02,142.008,1.34,1.2
08.10.2022 00:01:33.212 GMT+0800,142.02,142.006,1.8,1.2
08.10.2022 00:01:33.364 GMT+0800,142.02,142.006,1.34,1.2
08.10.2022 00:01:33.466 GMT+0800,142.018,142.005,1.34,1.2
08.10.2022 00:01:33.567 GMT+0800,142.018,142.004,1.8,1.8
08.10.2022 00:01:33.712 GMT+0800,142.018,142.004,1.8,1.94
08.10.2022 00:01:33.864 GMT+0800,142.018,142.004,1.8,1.94
08.10.2022 00:01:34.023 GMT+0800,142.018,142.004,1.8,1.8
08.10.2022 00:01:34.226 GMT+0800,142.01600000000002,142.004,1.2,1.2
08.10.2022 00:01:34.328 GMT+0800,142.01500000000001,142.001,1.2,2.24
08.10.2022 00:01:34.379 GMT+0800,142.013,142.001,1.32,1.34
08.10.2022 00:01:34.430 GMT+0800,142.012,141.999,1.2,2.04
08.10.2022 00:01:34.532 GMT+0800,142.01500000000001,142,1.2,1.8
08.10.2022 00:01:34.633 GMT+0800,142.01600000000002,142.001,1.2,1.2
08.10.2022 00:01:34.734 GMT+0800,142.01700000000002,142.002,1.8,1.2
08.10.2022 00:01:34.836 GMT+0800,142.01700000000002,142.003,1.2,2.96
08.10.2022 00:01:34.887 GMT+0800,142.02,142.006,3.48,1.2
08.10.2022 00:01:35.002 GMT+0800,142.02,142.006,2.4,1.2
08.10.2022 00:01:35.053 GMT+0800,142.02,142.006,1.8,1.2
08.10.2022 00:01:35.537 GMT+0800,142.02100000000002,142.007,1.8,1.2
08.10.2022 00:01:35.740 GMT+0800,142.02200000000002,142.008,2.4,1.2
08.10.2022 00:01:35.841 GMT+0800,142.02100000000002,142.006,1.2,1.94
08.10.2022 00:01:35.942 GMT+0800,142.02100000000002,142.006,1.2,1.94
08.10.2022 00:01:36.150 GMT+0800,142.02200000000002,142.01,4.04,1.2
08.10.2022 00:01:36.454 GMT+0800,142.024,142.009,1.8,1.2
08.10.2022 00:01:36.556 GMT+0800,142.023,142.008,1.2,1.8
08.10.2022 00:01:36.657 GMT+0800,142.023,142.008,1.92,1.8
08.10.2022 00:01:36.759 GMT+0800,142.023,142.008,1.92,1.8
08.10.2022 00:01:36.883 GMT+0800,142.02200000000002,142.008,1.2,1.8
08.10.2022 00:01:39.471 GMT+0800,142.019,142.005,1.2,2.4
08.10.2022 00:01:39.572 GMT+0800,142.02100000000002,142.007,2.84,1.2
08.10.2022 00:01:39.883 GMT+0800,142.02100000000002,142.006,2.84,1.8
08.10.2022 00:01:39.984 GMT+0800,142.02,142.005,1.2,2.84
08.10.2022 00:01:40.110 GMT+0800,142.02100000000002,142.006,2.84,1.34
08.10.2022 00:01:40.432 GMT+0800,142.02100000000002,142.007,2.4,1.2
08.10.2022 00:01:40.638 GMT+0800,142.02,142.005,1.2,4.46
08.10.2022 00:01:40.740 GMT+0800,142.02100000000002,142.01,1.2,3.42
08.10.2022 00:01:40.791 GMT+0800,142.026,142.013,1.2,1.34
08.10.2022 00:01:40.994 GMT+0800,142.026,142.013,1.94,1.2
08.10.2022 00:01:41.404 GMT+0800,142.024,142.013,1.34,1.34
08.10.2022 00:01:41.506 GMT+0800,142.02700000000002,142.012,1.8,1.8
08.10.2022 00:01:41.860 GMT+0800,142.028,142.013,4.28,1.94
08.10.2022 00:01:42.063 GMT+0800,142.026,142.013,1.94,1.34
08.10.2022 00:01:42.782 GMT+0800,142.025,142.013,1.2,1.2
08.10.2022 00:01:42.937 GMT+0800,142.025,142.013,1.2,1.2
08.10.2022 00:01:43.239 GMT+0800,142.025,142.013,1.2,1.2
08.10.2022 00:01:43.290 GMT+0800,142.023,142.01,1.2,1.98
08.10.2022 00:01:43.492 GMT+0800,142.02200000000002,142.009,1.2,1.34
08.10.2022 00:01:43.594 GMT+0800,142.02100000000002,142.009,1.2,1.34
08.10.2022 00:01:44.096 GMT+0800,142.024,142.014,2.4,1.2
08.10.2022 00:01:44.147 GMT+0800,142.026,142.012,1.8,1.8
08.10.2022 00:01:44.249 GMT+0800,142.026,142.012,1.2,2.48
08.10.2022 00:01:44.454 GMT+0800,142.028,142.01700000000002,1.2,1.2
08.10.2022 00:01:44.707 GMT+0800,142.029,142.01500000000001,1.2,1.8
08.10.2022 00:01:44.809 GMT+0800,142.02700000000002,142.01700000000002,1.2,1.2
08.10.2022 00:01:44.860 GMT+0800,142.02700000000002,142.014,1.2,1.8
08.10.2022 00:01:44.961 GMT+0800,142.028,142.014,1.94,1.8
08.10.2022 00:01:45.411 GMT+0800,142.028,142.01500000000001,1.32,1.2
08.10.2022 00:01:45.513 GMT+0800,142.025,142.014,1.2,1.8
08.10.2022 00:01:45.614 GMT+0800,142.028,142.01500000000001,4.74,1.2
08.10.2022 00:01:45.715 GMT+0800,142.028,142.014,4.74,1.8
08.10.2022 00:01:45.967 GMT+0800,142.028,142.01600000000002,4.74,1.2
08.10.2022 00:01:46.068 GMT+0800,142.029,142.01500000000001,2.04,1.2
08.10.2022 00:01:46.170 GMT+0800,142.02700000000002,142.01600000000002,1.2,1.2
08.10.2022 00:01:46.437 GMT+0800,142.026,142.01600000000002,1.2,1.2
08.10.2022 00:01:46.538 GMT+0800,142.02700000000002,142.013,1.2,1.34
08.10.2022 00:01:46.598 GMT+0800,142.02700000000002,142.01500000000001,1.2,1.2
08.10.2022 00:01:46.998 GMT+0800,142.026,142.014,1.2,1.2
08.10.2022 00:01:47.049 GMT+0800,142.025,142.011,1.2,3.48
08.10.2022 00:01:47.479 GMT+0800,142.02700000000002,142.012,4.64,1.2
08.10.2022 00:01:47.580 GMT+0800,142.02700000000002,142.012,4.64,1.2
08.10.2022 00:01:48.085 GMT+0800,142.02700000000002,142.01500000000001,3.3,1.2
08.10.2022 00:01:48.187 GMT+0800,142.026,142.012,1.2,1.8
08.10.2022 00:01:48.339 GMT+0800,142.02700000000002,142.012,3.84,1.94
08.10.2022 00:01:48.440 GMT+0800,142.02700000000002,142.012,3.3,1.94
08.10.2022 00:01:48.542 GMT+0800,142.02700000000002,142.013,3.3,1.2
08.10.2022 00:01:48.643 GMT+0800,142.02700000000002,142.01600000000002,1.8,1.8
08.10.2022 00:01:48.694 GMT+0800,142.032,142.019,1.32,1.2
08.10.2022 00:01:48.745 GMT+0800,142.033,142.02100000000002,1.32,1.2
08.10.2022 00:01:48.796 GMT+0800,142.033,142.018,1.92,1.94
08.10.2022 00:01:48.898 GMT+0800,142.034,142.02100000000002,1.34,1.2
08.10.2022 00:01:48.999 GMT+0800,142.033,142.019,1.8,1.2
08.10.2022 00:01:49.101 GMT+0800,142.032,142.02,1.2,1.2
08.10.2022 00:01:49.203 GMT+0800,142.035,142.02,2.4,1.2
08.10.2022 00:01:49.405 GMT+0800,142.035,142.02,1.94,1.2
08.10.2022 00:01:49.507 GMT+0800,142.034,142.023,1.2,1.2
08.10.2022 00:01:49.558 GMT+0800,142.035,142.02100000000002,2.4,1.2
08.10.2022 00:01:49.760 GMT+0800,142.035,142.023,1.34,1.2
08.10.2022 00:01:50.128 GMT+0800,142.035,142.024,1.8,1.2
08.10.2022 00:01:50.381 GMT+0800,142.035,142.02100000000002,1.8,1.2
08.10.2022 00:01:50.483 GMT+0800,142.036,142.02200000000002,1.8,1.2
08.10.2022 00:01:50.585 GMT+0800,142.034,142.023,1.2,1.2
08.10.2022 00:01:50.810 GMT+0800,142.035,142.023,1.34,1.2
08.10.2022 00:01:50.911 GMT+0800,142.036,142.023,1.2,1.2
08.10.2022 00:01:51.013 GMT+0800,142.037,142.023,1.2,1.2
08.10.2022 00:01:51.114 GMT+0800,142.037,142.024,1.34,1.2
08.10.2022 00:01:51.216 GMT+0800,142.037,142.024,1.2,1.2
08.10.2022 00:01:51.317 GMT+0800,142.04,142.026,1.98,1.2
08.10.2022 00:01:51.419 GMT+0800,142.041,142.03,1.2,1.2
08.10.2022 00:01:51.520 GMT+0800,142.042,142.028,1.2,1.2
08.10.2022 00:01:51.622 GMT+0800,142.04,142.028,1.2,1.2
08.10.2022 00:01:51.787 GMT+0800,142.042,142.02700000000002,1.2,1.2
08.10.2022 00:01:51.889 GMT+0800,142.041,142.026,1.8,1.94
08.10.2022 00:01:51.990 GMT+0800,142.041,142.02700000000002,1.2,1.2
08.10.2022 00:01:52.092 GMT+0800,142.041,142.029,1.2,1.2
08.10.2022 00:01:52.197 GMT+0800,142.041,142.03,1.2,1.2
08.10.2022 00:01:52.423 GMT+0800,142.042,142.03,1.2,1.2
08.10.2022 00:01:52.577 GMT+0800,142.043,142.03,1.8,1.2
08.10.2022 00:01:53.066 GMT+0800,142.043,142.029,2.94,1.2
08.10.2022 00:01:53.117 GMT+0800,142.043,142.03,1.8,1.2
08.10.2022 00:01:53.219 GMT+0800,142.042,142.03,1.2,1.2
08.10.2022 00:01:53.828 GMT+0800,142.042,142.03,1.2,1.2
08.10.2022 00:01:54.093 GMT+0800,142.042,142.03,1.2,1.2
08.10.2022 00:01:54.195 GMT+0800,142.04500000000002,142.034,1.2,1.2
08.10.2022 00:01:54.246 GMT+0800,142.049,142.036,2.93,1.2
08.10.2022 00:01:54.297 GMT+0800,142.049,142.03799999999998,1.2,1.2
08.10.2022 00:01:54.449 GMT+0800,142.05,142.036,1.2,1.2
08.10.2022 00:01:54.550 GMT+0800,142.05,142.037,1.34,1.2
08.10.2022 00:01:54.662 GMT+0800,142.05100000000002,142.037,1.8,1.2
08.10.2022 00:01:54.713 GMT+0800,142.048,142.037,1.2,1.2
08.10.2022 00:01:54.815 GMT+0800,142.05100000000002,142.037,1.8,1.2
08.10.2022 00:01:55.106 GMT+0800,142.053,142.03799999999998,1.32,1.2
08.10.2022 00:01:55.276 GMT+0800,142.053,142.039,1.88,1.2
08.10.2022 00:01:55.432 GMT+0800,142.054,142.039,1.44,1.2
08.10.2022 00:01:55.533 GMT+0800,142.055,142.039,2.52,1.2
08.10.2022 00:01:55.635 GMT+0800,142.054,142.04,1.44,1.2
08.10.2022 00:01:55.736 GMT+0800,142.05200000000002,142.039,1.2,1.2
08.10.2022 00:01:55.787 GMT+0800,142.05200000000002,142.03799999999998,1.34,1.2
08.10.2022 00:01:55.838 GMT+0800,142.05200000000002,142.039,2.4,1.2
08.10.2022 00:01:56.451 GMT+0800,142.05100000000002,142.037,1.92,1.34
08.10.2022 00:01:56.553 GMT+0800,142.05,142.037,1.34,1.8
08.10.2022 00:01:56.654 GMT+0800,142.05100000000002,142.037,2.04,1.2
08.10.2022 00:01:56.756 GMT+0800,142.049,142.034,1.8,1.34
08.10.2022 00:01:56.857 GMT+0800,142.048,142.036,1.2,1.2
08.10.2022 00:01:56.959 GMT+0800,142.05200000000002,142.037,1.2,1.2
08.10.2022 00:01:57.369 GMT+0800,142.048,142.035,1.8,5.58
08.10.2022 00:01:57.622 GMT+0800,142.047,142.033,1.8,1.2
08.10.2022 00:01:57.673 GMT+0800,142.047,142.032,1.94,2.24
08.10.2022 00:01:57.724 GMT+0800,142.047,142.032,4.64,1.2
08.10.2022 00:01:57.877 GMT+0800,142.047,142.035,3.14,1.2
08.10.2022 00:01:58.043 GMT+0800,142.047,142.034,3.3,1.2
08.10.2022 00:01:58.145 GMT+0800,142.047,142.034,4.2,1.2
08.10.2022 00:01:58.246 GMT+0800,142.047,142.033,4.2,1.2
08.10.2022 00:01:58.503 GMT+0800,142.047,142.033,4.5,1.2
08.10.2022 00:01:58.860 GMT+0800,142.047,142.032,3.84,1.2
08.10.2022 00:01:58.961 GMT+0800,142.042,142.031,1.34,1.34
08.10.2022 00:01:59.063 GMT+0800,142.04500000000002,142.032,1.8,1.2
08.10.2022 00:01:59.114 GMT+0800,142.04500000000002,142.033,1.2,1.2
08.10.2022 00:01:59.165 GMT+0800,142.047,142.033,1.2,1.2
08.10.2022 00:01:59.266 GMT+0800,142.047,142.031,2.04,1.94
08.10.2022 00:01:59.469 GMT+0800,142.04500000000002,142.03,1.2,1.2
08.10.2022 00:01:59.888 GMT+0800,142.04500000000002,142.031,2.4,1.2
08.10.2022 00:01:59.990 GMT+0800,142.044,142.03,1.8,1.2
08.10.2022 00:02:00.091 GMT+0800,142.043,142.028,1.2,2.84
08.10.2022 00:02:00.193 GMT+0800,142.042,142.028,1.2,2.4
08.10.2022 00:02:00.747 GMT+0800,142.042,142.028,2.84,1.34
08.10.2022 00:02:00.997 GMT+0800,142.039,142.02700000000002,1.2,1.34
08.10.2022 00:02:01.098 GMT+0800,142.042,142.028,1.88,1.2
08.10.2022 00:02:01.878 GMT+0800,142.042,142.02700000000002,2.48,1.94
08.10.2022 00:02:02.117 GMT+0800,142.043,142.02700000000002,1.8,1.2
08.10.2022 00:02:02.219 GMT+0800,142.042,142.028,1.34,1.2
08.10.2022 00:02:02.421 GMT+0800,142.043,142.026,1.2,1.2
08.10.2022 00:02:02.523 GMT+0800,142.043,142.028,1.92,1.2
08.10.2022 00:02:02.574 GMT+0800,142.042,142.02700000000002,3.84,1.2
08.10.2022 00:02:02.827 GMT+0800,142.04,142.026,1.32,1.2
08.10.2022 00:02:02.879 GMT+0800,142.03799999999998,142.024,2.94,1.2
08.10.2022 00:02:02.930 GMT+0800,142.037,142.023,1.32,2.24
08.10.2022 00:02:03.032 GMT+0800,142.036,142.023,1.2,1.8
08.10.2022 00:02:03.419 GMT+0800,142.036,142.023,1.2,1.8
08.10.2022 00:02:03.520 GMT+0800,142.037,142.023,1.2,1.8
08.10.2022 00:02:03.622 GMT+0800,142.036,142.023,1.2,1.8
08.10.2022 00:02:03.723 GMT+0800,142.037,142.023,1.8,1.8
08.10.2022 00:02:04.889 GMT+0800,142.037,142.02200000000002,1.8,1.2
08.10.2022 00:02:05.041 GMT+0800,142.036,142.02100000000002,1.2,3.74
08.10.2022 00:02:05.143 GMT+0800,142.033,142.02100000000002,1.2,3.3
08.10.2022 00:02:05.244 GMT+0800,142.034,142.02100000000002,1.2,1.8
08.10.2022 00:02:05.346 GMT+0800,142.034,142.02,1.2,1.8
08.10.2022 00:02:05.447 GMT+0800,142.033,142.02100000000002,1.2,1.2
08.10.2022 00:02:05.568 GMT+0800,142.034,142.02100000000002,1.2,1.2
08.10.2022 00:02:05.670 GMT+0800,142.034,142.02,1.2,2.4
08.10.2022 00:02:05.809 GMT+0800,142.035,142.02,1.2,3.74
08.10.2022 00:02:05.961 GMT+0800,142.034,142.02100000000002,1.2,1.2
08.10.2022 00:02:06.215 GMT+0800,142.035,142.02,1.2,2.84
08.10.2022 00:02:06.365 GMT+0800,142.035,142.02,1.2,2.84
08.10.2022 00:02:06.466 GMT+0800,142.035,142.02,1.2,3.74
08.10.2022 00:02:06.517 GMT+0800,142.04,142.026,2.06,1.2
08.10.2022 00:02:06.619 GMT+0800,142.04,142.025,2.52,1.2
08.10.2022 00:02:06.722 GMT+0800,142.039,142.024,1.32,3.74
08.10.2022 00:02:07.058 GMT+0800,142.039,142.024,1.32,3.74
08.10.2022 00:02:07.210 GMT+0800,142.04,142.025,2.52,1.2
08.10.2022 00:02:07.311 GMT+0800,142.03799999999998,142.024,1.2,3.3
08.10.2022 00:02:07.560 GMT+0800,142.039,142.024,1.92,2.84
08.10.2022 00:02:07.712 GMT+0800,142.04,142.024,1.32,1.2
08.10.2022 00:02:07.814 GMT+0800,142.041,142.026,2.7,1.94
08.10.2022 00:02:08.304 GMT+0800,142.042,142.029,1.2,1.2
08.10.2022 00:02:08.355 GMT+0800,142.041,142.029,1.34,1.2
08.10.2022 00:02:08.406 GMT+0800,142.041,142.028,2.48,1.2
08.10.2022 00:02:08.507 GMT+0800,142.041,142.028,2.04,1.2
08.10.2022 00:02:08.609 GMT+0800,142.041,142.02700000000002,2.04,1.94
08.10.2022 00:02:08.821 GMT+0800,142.041,142.028,1.92,1.2
08.10.2022 00:02:08.922 GMT+0800,142.041,142.028,1.2,1.2
08.10.2022 00:02:09.024 GMT+0800,142.041,142.028,1.8,1.2
08.10.2022 00:02:09.126 GMT+0800,142.041,142.028,1.2,1.2
08.10.2022 00:02:09.227 GMT+0800,142.041,142.029,1.2,1.2
08.10.2022 00:02:09.278 GMT+0800,142.041,142.03,1.2,1.2
08.10.2022 00:02:09.572 GMT+0800,142.041,142.03,1.2,1.2
08.10.2022 00:02:09.876 GMT+0800,142.041,142.03,1.2,1.2
08.10.2022 00:02:09.978 GMT+0800,142.041,142.031,1.2,1.2
08.10.2022 00:02:10.080 GMT+0800,142.041,142.032,1.2,1.2
08.10.2022 00:02:10.615 GMT+0800,142.042,142.03,1.2,1.2
08.10.2022 00:02:10.947 GMT+0800,142.041,142.033,1.2,2.4
08.10.2022 00:02:11.049 GMT+0800,142.042,142.036,1.2,1.2
08.10.2022 00:02:11.100 GMT+0800,142.041,142.034,1.2,1.2
08.10.2022 00:02:11.520 GMT+0800,142.042,142.032,1.2,1.8
08.10.2022 00:02:11.622 GMT+0800,142.041,142.033,1.2,1.94
08.10.2022 00:02:11.825 GMT+0800,142.041,142.034,1.2,1.2
08.10.2022 00:02:12.273 GMT+0800,142.041,142.034,1.2,1.2
08.10.2022 00:02:12.993 GMT+0800,142.041,142.033,1.2,1.8
08.10.2022 00:02:13.095 GMT+0800,142.041,142.033,1.2,1.34
08.10.2022 00:02:13.445 GMT+0800,142.041,142.033,1.2,1.2
08.10.2022 00:02:13.561 GMT+0800,142.041,142.032,1.2,1.94
08.10.2022 00:02:13.793 GMT+0800,142.041,142.034,1.2,1.2
08.10.2022 00:02:14.238 GMT+0800,142.041,142.032,1.2,1.2
08.10.2022 00:02:14.340 GMT+0800,142.041,142.03,1.2,1.8
08.10.2022 00:02:14.808 GMT+0800,142.041,142.03,1.8,1.8
08.10.2022 00:02:14.909 GMT+0800,142.041,142.03,1.2,1.8
08.10.2022 00:02:15.011 GMT+0800,142.041,142.031,1.2,1.2
08.10.2022 00:02:15.062 GMT+0800,142.041,142.03,1.2,1.8
08.10.2022 00:02:15.367 GMT+0800,142.041,142.032,1.2,1.2
08.10.2022 00:02:15.722 GMT+0800,142.041,142.033,1.2,1.8
08.10.2022 00:02:16.036 GMT+0800,142.041,142.03,1.2,3.74
08.10.2022 00:02:16.309 GMT+0800,142.041,142.03,1.2,1.94
08.10.2022 00:02:16.360 GMT+0800,142.042,142.029,1.2,1.8
08.10.2022 00:02:16.462 GMT+0800,142.041,142.03,1.2,1.8
08.10.2022 00:02:16.749 GMT+0800,142.041,142.03,1.2,1.8
08.10.2022 00:02:17.727 GMT+0800,142.041,142.03,1.2,1.8
08.10.2022 00:02:17.930 GMT+0800,142.041,142.03,1.2,1.94
08.10.2022 00:02:18.032 GMT+0800,142.041,142.03,1.8,2.4
08.10.2022 00:02:18.134 GMT+0800,142.042,142.03,1.2,1.2
08.10.2022 00:02:18.235 GMT+0800,142.042,142.03,1.2,1.2
08.10.2022 00:02:18.597 GMT+0800,142.041,142.031,1.2,1.2
08.10.2022 00:02:20.485 GMT+0800,142.041,142.029,1.2,1.8
08.10.2022 00:02:20.587 GMT+0800,142.041,142.029,1.2,1.2
08.10.2022 00:02:21.247 GMT+0800,142.041,142.031,1.2,1.2
08.10.2022 00:02:21.510 GMT+0800,142.041,142.03,1.2,1.8
08.10.2022 00:02:21.637 GMT+0800,142.041,142.03,1.2,1.8
08.10.2022 00:02:22.580 GMT+0800,142.041,142.031,1.2,1.8
08.10.2022 00:02:22.682 GMT+0800,142.041,142.034,1.2,1.2
08.10.2022 00:02:23.172 GMT+0800,142.041,142.032,1.2,1.2
08.10.2022 00:02:23.434 GMT+0800,142.041,142.032,1.2,1.94
08.10.2022 00:02:23.485 GMT+0800,142.041,142.032,1.2,1.8
08.10.2022 00:02:23.837 GMT+0800,142.041,142.034,1.2,1.2
08.10.2022 00:02:23.989 GMT+0800,142.041,142.032,1.2,1.94
08.10.2022 00:02:24.091 GMT+0800,142.041,142.032,1.2,1.94
08.10.2022 00:02:24.489 GMT+0800,142.041,142.033,1.2,1.2
08.10.2022 00:02:24.591 GMT+0800,142.041,142.033,1.2,1.8
08.10.2022 00:02:24.692 GMT+0800,142.041,142.033,1.2,1.94
08.10.2022 00:02:24.799 GMT+0800,142.041,142.034,1.2,1.2
08.10.2022 00:02:25.001 GMT+0800,142.041,142.033,1.2,1.8
08.10.2022 00:02:25.053 GMT+0800,142.041,142.034,1.2,1.2
08.10.2022 00:02:25.155 GMT+0800,142.041,142.033,1.2,1.94
08.10.2022 00:02:25.256 GMT+0800,142.041,142.033,1.2,1.94
08.10.2022 00:02:25.456 GMT+0800,142.041,142.034,1.2,1.2
08.10.2022 00:02:25.740 GMT+0800,142.041,142.033,1.2,1.94
08.10.2022 00:02:25.848 GMT+0800,142.041,142.034,1.2,1.2
08.10.2022 00:02:26.051 GMT+0800,142.041,142.033,1.2,1.2
08.10.2022 00:02:26.256 GMT+0800,142.041,142.032,1.2,1.2
08.10.2022 00:02:26.358 GMT+0800,142.041,142.033,1.2,1.8
08.10.2022 00:02:26.459 GMT+0800,142.041,142.036,1.2,1.34
08.10.2022 00:02:26.561 GMT+0800,142.05,142.036,1.2,1.8
08.10.2022 00:02:26.663 GMT+0800,142.05200000000002,142.03799999999998,3.14,2.4
08.10.2022 00:02:26.866 GMT+0800,142.053,142.039,2.94,1.2
08.10.2022 00:02:27.019 GMT+0800,142.053,142.039,2.94,1.8
08.10.2022 00:02:27.070 GMT+0800,142.044,142.03799999999998,1.2,1.34
08.10.2022 00:02:27.375 GMT+0800,142.05200000000002,142.039,1.2,1.8
08.10.2022 00:02:27.977 GMT+0800,142.05200000000002,142.039,1.8,1.94
08.10.2022 00:02:28.539 GMT+0800,142.05100000000002,142.039,1.2,1.94
08.10.2022 00:02:28.981 GMT+0800,142.044,142.039,1.2,1.8
08.10.2022 00:02:29.032 GMT+0800,142.05200000000002,142.039,1.44,1.94
08.10.2022 00:02:29.134 GMT+0800,142.053,142.03799999999998,2.78,1.94
08.10.2022 00:02:29.801 GMT+0800,142.05,142.039,1.2,1.8
08.10.2022 00:02:29.989 GMT+0800,142.043,142.03799999999998,1.2,1.94
08.10.2022 00:02:30.749 GMT+0800,142.05,142.04,1.34,1.2
08.10.2022 00:02:30.800 GMT+0800,142.043,142.03799999999998,1.2,1.8
08.10.2022 00:02:30.851 GMT+0800,142.05,142.03799999999998,1.2,1.8
08.10.2022 00:02:30.964 GMT+0800,142.053,142.03799999999998,2.94,1.8
08.10.2022 00:02:31.065 GMT+0800,142.05200000000002,142.04,2.4,1.8
08.10.2022 00:02:31.116 GMT+0800,142.055,142.04500000000002,1.2,1.2
08.10.2022 00:02:31.218 GMT+0800,142.05700000000002,142.04500000000002,1.92,1.34
08.10.2022 00:02:31.320 GMT+0800,142.055,142.044,1.2,1.2
08.10.2022 00:02:31.371 GMT+0800,142.054,142.042,8.88,1.2
08.10.2022 00:02:31.472 GMT+0800,142.05200000000002,142.042,1.2,1.2
08.10.2022 00:02:31.574 GMT+0800,142.05200000000002,142.04,1.94,1.8
08.10.2022 00:02:31.676 GMT+0800,142.053,142.04,1.34,1.8
08.10.2022 00:02:31.929 GMT+0800,142.054,142.04,1.2,1.8
08.10.2022 00:02:32.081 GMT+0800,142.053,142.04,1.8,1.8
08.10.2022 00:02:32.234 GMT+0800,142.054,142.04,1.2,1.8
08.10.2022 00:02:32.335 GMT+0800,142.053,142.04,1.2,1.8
08.10.2022 00:02:32.386 GMT+0800,142.05100000000002,142.04,1.8,1.2
08.10.2022 00:02:32.488 GMT+0800,142.042,142.035,1.2,2.84
08.10.2022 00:02:32.590 GMT+0800,142.043,142.037,1.2,1.2
08.10.2022 00:02:32.949 GMT+0800,142.042,142.036,1.2,1.94
08.10.2022 00:02:33.186 GMT+0800,142.042,142.036,1.2,1.94
08.10.2022 00:02:33.237 GMT+0800,142.05,142.036,3.6,1.94
08.10.2022 00:02:33.338 GMT+0800,142.05,142.03799999999998,2.7,1.2
08.10.2022 00:02:33.714 GMT+0800,142.043,142.039,1.2,1.2
08.10.2022 00:02:33.765 GMT+0800,142.042,142.037,1.2,1.2
08.10.2022 00:02:34.089 GMT+0800,142.041,142.036,1.2,1.34
08.10.2022 00:02:34.350 GMT+0800,142.042,142.036,1.2,1.94
08.10.2022 00:02:34.452 GMT+0800,142.042,142.035,1.2,1.94
08.10.2022 00:02:34.860 GMT+0800,142.042,142.037,1.2,1.2
08.10.2022 00:02:34.962 GMT+0800,142.043,142.036,1.2,1.8
08.10.2022 00:02:35.278 GMT+0800,142.042,142.037,1.2,1.2
08.10.2022 00:02:35.915 GMT+0800,142.042,142.037,1.2,1.34
08.10.2022 00:02:36.017 GMT+0800,142.041,142.034,1.2,1.2
08.10.2022 00:02:36.271 GMT+0800,142.041,142.033,1.2,1.94
08.10.2022 00:02:36.373 GMT+0800,142.041,142.033,1.2,1.8
08.10.2022 00:02:36.474 GMT+0800,142.041,142.033,1.2,1.94
08.10.2022 00:02:36.838 GMT+0800,142.041,142.033,1.2,1.8
08.10.2022 00:02:37.245 GMT+0800,142.041,142.031,1.8,1.94
08.10.2022 00:02:37.685 GMT+0800,142.041,142.032,1.2,1.2
08.10.2022 00:02:38.544 GMT+0800,142.041,142.031,1.2,1.2
08.10.2022 00:02:38.956 GMT+0800,142.041,142.031,1.2,1.2
08.10.2022 00:02:39.058 GMT+0800,142.041,142.03,1.2,1.94
08.10.2022 00:02:39.159 GMT+0800,142.041,142.028,2.4,1.52
08.10.2022 00:02:39.261 GMT+0800,142.041,142.029,1.8,2.4
08.10.2022 00:02:39.312 GMT+0800,142.041,142.029,1.34,1.2
08.10.2022 00:02:40.170 GMT+0800,142.041,142.029,1.2,1.2
08.10.2022 00:02:40.271 GMT+0800,142.041,142.032,1.2,1.2
08.10.2022 00:02:40.373 GMT+0800,142.041,142.032,1.2,1.2
08.10.2022 00:02:40.525 GMT+0800,142.041,142.034,1.2,1.2
08.10.2022 00:02:40.627 GMT+0800,142.041,142.032,1.2,1.92
08.10.2022 00:02:41.785 GMT+0800,142.041,142.034,1.2,2.4
08.10.2022 00:02:41.836 GMT+0800,142.05100000000002,142.037,1.8,1.8
08.10.2022 00:02:41.938 GMT+0800,142.05200000000002,142.037,1.34,1.94
08.10.2022 00:02:42.040 GMT+0800,142.053,142.03799999999998,1.8,1.8
08.10.2022 00:02:42.141 GMT+0800,142.054,142.039,2.94,1.2
08.10.2022 00:02:42.243 GMT+0800,142.053,142.039,2.04,1.2
08.10.2022 00:02:42.294 GMT+0800,142.043,142.03799999999998,1.2,1.8
08.10.2022 00:02:42.771 GMT+0800,142.043,142.03799999999998,1.2,1.34
08.10.2022 00:02:42.822 GMT+0800,142.05200000000002,142.039,1.2,1.2
08.10.2022 00:02:42.924 GMT+0800,142.054,142.041,1.88,1.2
08.10.2022 00:02:45.159 GMT+0800,142.054,142.043,1.2,1.2
08.10.2022 00:02:45.210 GMT+0800,142.056,142.04500000000002,1.34,1.2
08.10.2022 00:02:45.311 GMT+0800,142.058,142.044,1.8,1.2
08.10.2022 00:02:46.946 GMT+0800,142.059,142.044,1.2,1.94
08.10.2022 00:02:47.055 GMT+0800,142.058,142.04500000000002,1.2,1.94
08.10.2022 00:02:48.626 GMT+0800,142.058,142.04600000000002,1.2,1.94
08.10.2022 00:02:48.902 GMT+0800,142.06,142.04600000000002,1.32,1.94
08.10.2022 00:02:49.004 GMT+0800,142.06,142.047,1.2,1.2
08.10.2022 00:02:49.648 GMT+0800,142.061,142.047,2.7,1.94
08.10.2022 00:02:49.699 GMT+0800,142.061,142.049,1.2,1.2
08.10.2022 00:02:49.800 GMT+0800,142.063,142.05100000000002,1.8,1.2
08.10.2022 00:02:50.118 GMT+0800,142.063,142.05,1.8,1.2
08.10.2022 00:02:50.859 GMT+0800,142.063,142.05,2.78,1.2
08.10.2022 00:02:51.292 GMT+0800,142.063,142.05200000000002,1.8,1.2
08.10.2022 00:02:51.393 GMT+0800,142.063,142.05100000000002,1.2,1.2
08.10.2022 00:02:51.495 GMT+0800,142.063,142.05200000000002,1.2,1.2
08.10.2022 00:02:51.546 GMT+0800,142.063,142.05100000000002,1.2,1.2
08.10.2022 00:02:52.072 GMT+0800,142.063,142.05,1.44,1.2
08.10.2022 00:02:52.297 GMT+0800,142.062,142.05,1.2,1.2
08.10.2022 00:02:52.399 GMT+0800,142.064,142.05100000000002,3.86,1.2
08.10.2022 00:02:52.551 GMT+0800,142.063,142.05100000000002,1.32,1.2
08.10.2022 00:02:52.602 GMT+0800,142.061,142.049,1.32,1.2
08.10.2022 00:02:52.704 GMT+0800,142.059,142.047,1.2,1.2
08.10.2022 00:02:52.823 GMT+0800,142.06,142.047,1.34,1.2
08.10.2022 00:02:52.970 GMT+0800,142.062,142.047,2.94,1.2
08.10.2022 00:02:53.072 GMT+0800,142.063,142.05,2.78,1.2
08.10.2022 00:02:53.278 GMT+0800,142.063,142.049,3.84,1.2
08.10.2022 00:02:53.416 GMT+0800,142.063,142.049,4.14,1.2
08.10.2022 00:02:53.598 GMT+0800,142.064,142.048,4.76,1.2
08.10.2022 00:02:53.711 GMT+0800,142.063,142.049,3.68,1.2
08.10.2022 00:02:53.814 GMT+0800,142.065,142.05,2.7,1.2
08.10.2022 00:02:53.865 GMT+0800,142.066,142.054,2.78,1.2
08.10.2022 00:02:53.917 GMT+0800,142.066,142.05200000000002,1.34,1.2
08.10.2022 00:02:54.021 GMT+0800,142.066,142.056,1.2,1.2
08.10.2022 00:02:54.072 GMT+0800,142.07,142.056,1.44,1.2
08.10.2022 00:02:54.173 GMT+0800,142.07,142.058,1.2,1.2
08.10.2022 00:02:54.275 GMT+0800,142.07,142.059,1.44,1.2
08.10.2022 00:02:54.326 GMT+0800,142.07,142.05700000000002,2.04,1.2
08.10.2022 00:02:54.587 GMT+0800,142.07,142.056,1.2,1.2
08.10.2022 00:02:54.689 GMT+0800,142.07,142.06,1.2,1.2
08.10.2022 00:02:54.791 GMT+0800,142.071,142.059,1.2,1.2
08.10.2022 00:02:56.034 GMT+0800,142.071,142.059,1.2,1.2
08.10.2022 00:02:56.136 GMT+0800,142.07,142.056,1.44,1.94
08.10.2022 00:02:56.238 GMT+0800,142.069,142.056,1.2,1.94
08.10.2022 00:02:56.715 GMT+0800,142.069,142.056,1.34,1.94
08.10.2022 00:02:57.247 GMT+0800,142.069,142.055,3.38,1.2
08.10.2022 00:02:57.298 GMT+0800,142.066,142.055,1.2,1.2
08.10.2022 00:02:57.501 GMT+0800,142.066,142.056,1.2,1.2
08.10.2022 00:02:57.974 GMT+0800,142.067,142.055,1.2,1.2
08.10.2022 00:02:58.254 GMT+0800,142.066,142.056,1.2,1.2
08.10.2022 00:02:58.712 GMT+0800,142.066,142.053,1.2,1.94
08.10.2022 00:02:58.814 GMT+0800,142.06799999999998,142.055,1.2,1.2
08.10.2022 00:02:59.019 GMT+0800,142.067,142.054,1.34,1.2
08.10.2022 00:02:59.813 GMT+0800,142.06799999999998,142.053,1.8,1.2
08.10.2022 00:02:59.999 GMT+0800,142.067,142.053,1.34,1.94
08.10.2022 00:03:00.202 GMT+0800,142.065,142.054,1.2,1.2
08.10.2022 00:03:00.304 GMT+0800,142.065,142.053,1.2,1.94
08.10.2022 00:03:00.499 GMT+0800,142.065,142.053,1.2,1.94
08.10.2022 00:03:00.651 GMT+0800,142.066,142.05200000000002,1.2,1.8
08.10.2022 00:03:00.753 GMT+0800,142.065,142.053,1.2,1.94
08.10.2022 00:03:00.913 GMT+0800,142.065,142.053,1.2,1.94
08.10.2022 00:03:01.015 GMT+0800,142.064,142.05200000000002,1.94,1.2
08.10.2022 00:03:01.497 GMT+0800,142.063,142.05,4.58,1.2
08.10.2022 00:03:01.630 GMT+0800,142.063,142.05,4.76,1.2
08.10.2022 00:03:01.783 GMT+0800,142.059,142.049,1.8,1.2
08.10.2022 00:03:01.834 GMT+0800,142.06,142.044,4.2,1.94
08.10.2022 00:03:01.935 GMT+0800,142.058,142.04500000000002,1.8,1.2
08.10.2022 00:03:01.986 GMT+0800,142.056,142.04600000000002,1.2,1.2
08.10.2022 00:03:02.095 GMT+0800,142.056,142.044,1.2,1.2
08.10.2022 00:03:02.206 GMT+0800,142.05700000000002,142.044,1.34,1.2
08.10.2022 00:03:02.551 GMT+0800,142.056,142.043,1.8,1.2
08.10.2022 00:03:02.753 GMT+0800,142.056,142.042,2.4,1.2
08.10.2022 00:03:03.081 GMT+0800,142.055,142.042,1.34,1.2
08.10.2022 00:03:03.559 GMT+0800,142.055,142.041,1.34,1.94
08.10.2022 00:03:03.717 GMT+0800,142.055,142.041,2.4,1.94
08.10.2022 00:03:03.869 GMT+0800,142.055,142.041,1.8,1.2
08.10.2022 00:03:04.072 GMT+0800,142.055,142.04,2.7,2.84
08.10.2022 00:03:04.123 GMT+0800,142.05200000000002,142.04,1.2,1.34
08.10.2022 00:03:04.380 GMT+0800,142.05200000000002,142.04,1.2,1.8
08.10.2022 00:03:05.805 GMT+0800,142.05100000000002,142.039,1.2,1.94
08.10.2022 00:03:05.907 GMT+0800,142.05,142.04,1.2,1.8
08.10.2022 00:03:05.958 GMT+0800,142.053,142.04,1.2,1.34
08.10.2022 00:03:06.009 GMT+0800,142.049,142.037,9.24,3.48
08.10.2022 00:03:06.111 GMT+0800,142.041,142.031,1.2,1.94
08.10.2022 00:03:06.162 GMT+0800,142.041,142.031,1.2,1.2
08.10.2022 00:03:06.416 GMT+0800,142.041,142.029,1.2,1.94
08.10.2022 00:03:07.359 GMT+0800,142.043,142.029,1.2,1.94
08.10.2022 00:03:07.839 GMT+0800,142.044,142.029,1.8,1.94
08.10.2022 00:03:07.991 GMT+0800,142.043,142.03,1.8,1.2
08.10.2022 00:03:08.093 GMT+0800,142.044,142.03,1.34,1.2
08.10.2022 00:03:08.215 GMT+0800,142.04600000000002,142.03,1.94,1.2
08.10.2022 00:03:08.316 GMT+0800,142.044,142.031,1.8,1.2
08.10.2022 00:03:08.519 GMT+0800,142.044,142.03,1.2,1.34
08.10.2022 00:03:08.570 GMT+0800,142.044,142.03,1.2,1.2
08.10.2022 00:03:09.030 GMT+0800,142.04600000000002,142.033,1.94,1.2
08.10.2022 00:03:09.132 GMT+0800,142.04600000000002,142.031,1.2,5.54
08.10.2022 00:03:09.233 GMT+0800,142.047,142.032,1.94,1.2
08.10.2022 00:03:09.618 GMT+0800,142.048,142.034,1.34,1.2
08.10.2022 00:03:09.998 GMT+0800,142.048,142.034,1.2,1.94
08.10.2022 00:03:10.099 GMT+0800,142.049,142.035,2.84,1.2
08.10.2022 00:03:10.201 GMT+0800,142.048,142.034,1.34,1.94
08.10.2022 00:03:10.302 GMT+0800,142.048,142.034,1.2,1.8
08.10.2022 00:03:10.424 GMT+0800,142.047,142.034,1.2,1.8
08.10.2022 00:03:10.892 GMT+0800,142.04600000000002,142.035,1.2,1.2
08.10.2022 00:03:10.998 GMT+0800,142.047,142.035,1.34,1.2
08.10.2022 00:03:11.100 GMT+0800,142.047,142.035,1.2,1.2
08.10.2022 00:03:11.202 GMT+0800,142.048,142.035,1.34,1.2
08.10.2022 00:03:11.851 GMT+0800,142.048,142.035,1.8,1.2
08.10.2022 00:03:12.302 GMT+0800,142.048,142.035,1.34,1.2
08.10.2022 00:03:12.404 GMT+0800,142.048,142.034,1.2,1.8
08.10.2022 00:03:12.506 GMT+0800,142.048,142.034,1.34,2.4
08.10.2022 00:03:13.210 GMT+0800,142.048,142.034,2.24,2.4
08.10.2022 00:03:13.311 GMT+0800,142.047,142.034,2.78,2.4
08.10.2022 00:03:13.849 GMT+0800,142.04500000000002,142.034,1.2,2.4
08.10.2022 00:03:14.199 GMT+0800,142.044,142.034,1.2,1.8
08.10.2022 00:03:14.569 GMT+0800,142.04500000000002,142.034,1.2,1.8
08.10.2022 00:03:15.119 GMT+0800,142.044,142.034,1.2,1.34
08.10.2022 00:03:15.220 GMT+0800,142.042,142.034,1.2,1.2
08.10.2022 00:03:15.372 GMT+0800,142.043,142.034,1.2,1.34
08.10.2022 00:03:15.474 GMT+0800,142.044,142.034,1.2,1.34
08.10.2022 00:03:15.869 GMT+0800,142.043,142.034,1.2,1.34
08.10.2022 00:03:16.587 GMT+0800,142.04500000000002,142.034,1.34,1.34
08.10.2022 00:03:16.689 GMT+0800,142.04500000000002,142.034,1.2,1.8
08.10.2022 00:03:16.950 GMT+0800,142.044,142.034,1.2,1.34
08.10.2022 00:03:17.051 GMT+0800,142.044,142.034,1.2,1.8
08.10.2022 00:03:17.103 GMT+0800,142.04500000000002,142.034,1.2,1.94
08.10.2022 00:03:17.204 GMT+0800,142.047,142.035,1.2,1.2
08.10.2022 00:03:17.305 GMT+0800,142.048,142.034,1.2,1.94
08.10.2022 00:03:17.407 GMT+0800,142.047,142.034,1.2,1.8
08.10.2022 00:03:17.812 GMT+0800,142.04500000000002,142.034,1.2,1.8
08.10.2022 00:03:17.863 GMT+0800,142.04500000000002,142.034,1.2,1.8
08.10.2022 00:03:18.015 GMT+0800,142.047,142.033,1.2,1.8
08.10.2022 00:03:18.253 GMT+0800,142.047,142.034,1.34,1.8
08.10.2022 00:03:18.408 GMT+0800,142.04600000000002,142.034,1.2,1.8
08.10.2022 00:03:18.510 GMT+0800,142.04600000000002,142.034,1.2,1.8
08.10.2022 00:03:19.145 GMT+0800,142.04600000000002,142.035,1.2,1.2
08.10.2022 00:03:19.261 GMT+0800,142.04600000000002,142.035,1.2,1.2
08.10.2022 00:03:19.621 GMT+0800,142.048,142.034,1.2,1.2
08.10.2022 00:03:19.910 GMT+0800,142.047,142.035,1.2,1.2
08.10.2022 00:03:20.011 GMT+0800,142.047,142.034,1.34,1.8
08.10.2022 00:03:20.180 GMT+0800,142.047,142.035,1.2,1.2
08.10.2022 00:03:20.331 GMT+0800,142.048,142.035,1.2,1.94
08.10.2022 00:03:20.433 GMT+0800,142.047,142.035,1.2,1.2
08.10.2022 00:03:20.535 GMT+0800,142.047,142.034,1.2,1.94
08.10.2022 00:03:20.636 GMT+0800,142.04600000000002,142.034,1.2,1.8
08.10.2022 00:03:20.738 GMT+0800,142.04500000000002,142.033,1.34,1.2
08.10.2022 00:03:20.840 GMT+0800,142.043,142.033,1.34,1.2
08.10.2022 00:03:20.992 GMT+0800,142.041,142.034,1.2,1.2
08.10.2022 00:03:21.879 GMT+0800,142.042,142.034,1.2,1.2
08.10.2022 00:03:22.446 GMT+0800,142.041,142.034,1.2,1.2
08.10.2022 00:03:23.240 GMT+0800,142.042,142.034,1.2,1.2
08.10.2022 00:03:23.341 GMT+0800,142.044,142.034,1.2,1.8
08.10.2022 00:03:23.392 GMT+0800,142.04600000000002,142.034,1.2,1.94
08.10.2022 00:03:27.129 GMT+0800,142.04600000000002,142.034,1.2,1.94
08.10.2022 00:03:27.291 GMT+0800,142.043,142.034,1.2,1.2
08.10.2022 00:03:27.394 GMT+0800,142.04600000000002,142.035,1.2,2.84
08.10.2022 00:03:27.445 GMT+0800,142.04600000000002,142.035,1.2,1.34
08.10.2022 00:03:27.611 GMT+0800,142.047,142.033,1.34,1.8
08.10.2022 00:03:27.713 GMT+0800,142.044,142.034,1.2,1.34
08.10.2022 00:03:28.077 GMT+0800,142.042,142.034,1.8,1.2
08.10.2022 00:03:28.180 GMT+0800,142.04,142.034,1.2,1.2
08.10.2022 00:03:30.070 GMT+0800,142.041,142.033,1.8,1.2
08.10.2022 00:03:30.172 GMT+0800,142.039,142.034,1.2,1.2
08.10.2022 00:03:30.323 GMT+0800,142.039,142.034,1.8,1.2
08.10.2022 00:03:30.425 GMT+0800,142.039,142.034,1.8,1.2
08.10.2022 00:03:30.526 GMT+0800,142.039,142.034,1.2,1.2
08.10.2022 00:03:31.037 GMT+0800,142.039,142.034,1.8,1.2
08.10.2022 00:03:31.139 GMT+0800,142.039,142.034,3.6,1.2
08.10.2022 00:03:31.240 GMT+0800,142.039,142.033,3.3,1.2
08.10.2022 00:03:31.459 GMT+0800,142.039,142.026,3.6,1.2
08.10.2022 00:03:31.561 GMT+0800,142.04,142.026,1.2,1.94
08.10.2022 00:03:31.717 GMT+0800,142.041,142.02700000000002,2.4,2.4
08.10.2022 00:03:31.768 GMT+0800,142.041,142.02700000000002,1.2,1.2
08.10.2022 00:03:31.970 GMT+0800,142.041,142.028,2.24,1.2
08.10.2022 00:03:32.368 GMT+0800,142.042,142.028,1.94,1.2
08.10.2022 00:03:32.470 GMT+0800,142.042,142.028,1.8,1.2
08.10.2022 00:03:32.680 GMT+0800,142.041,142.02700000000002,1.2,2.84
08.10.2022 00:03:33.423 GMT+0800,142.042,142.02700000000002,1.2,1.2
08.10.2022 00:03:33.728 GMT+0800,142.04,142.02700000000002,1.2,1.2
08.10.2022 00:03:33.830 GMT+0800,142.04,142.028,1.2,1.2
08.10.2022 00:03:33.932 GMT+0800,142.03799999999998,142.02700000000002,1.2,1.2
08.10.2022 00:03:34.033 GMT+0800,142.03799999999998,142.026,1.2,1.94
08.10.2022 00:03:34.084 GMT+0800,142.041,142.02700000000002,1.8,1.2
08.10.2022 00:03:34.186 GMT+0800,142.041,142.028,1.34,1.2
08.10.2022 00:03:34.287 GMT+0800,142.041,142.028,1.34,1.2
08.10.2022 00:03:34.389 GMT+0800,142.042,142.03,1.34,1.8
08.10.2022 00:03:34.440 GMT+0800,142.04600000000002,142.032,3.84,1.2
08.10.2022 00:03:34.491 GMT+0800,142.04500000000002,142.029,2.4,1.2
08.10.2022 00:03:34.634 GMT+0800,142.042,142.029,1.34,1.2
08.10.2022 00:03:35.196 GMT+0800,142.042,142.028,3.14,2.84
08.10.2022 00:03:35.612 GMT+0800,142.042,142.029,4.64,1.2
08.10.2022 00:03:35.713 GMT+0800,142.042,142.029,4.2,1.2
08.10.2022 00:03:36.033 GMT+0800,142.042,142.029,4.2,1.2
08.10.2022 00:03:36.135 GMT+0800,142.042,142.03,2.4,1.2
08.10.2022 00:03:36.997 GMT+0800,142.042,142.028,4.2,1.94
08.10.2022 00:03:37.047 GMT+0800,142.042,142.03,4.2,1.2
08.10.2022 00:03:37.572 GMT+0800,142.042,142.028,1.2,1.2
08.10.2022 00:03:37.790 GMT+0800,142.04,142.028,1.2,1.2
08.10.2022 00:03:37.994 GMT+0800,142.041,142.029,1.2,1.2
08.10.2022 00:03:38.111 GMT+0800,142.041,142.02700000000002,1.94,1.8
08.10.2022 00:03:38.841 GMT+0800,142.039,142.024,1.8,3.3
08.10.2022 00:03:38.942 GMT+0800,142.03799999999998,142.025,1.34,1.94
08.10.2022 00:03:39.044 GMT+0800,142.04,142.02700000000002,6,1.2
08.10.2022 00:03:39.196 GMT+0800,142.039,142.02700000000002,1.2,1.8
08.10.2022 00:03:39.298 GMT+0800,142.041,142.029,3.6,1.2
08.10.2022 00:03:39.551 GMT+0800,142.042,142.028,3.74,1.2
08.10.2022 00:03:39.991 GMT+0800,142.041,142.029,3.74,1.2
08.10.2022 00:03:40.093 GMT+0800,142.041,142.031,1.2,1.2
08.10.2022 00:03:40.144 GMT+0800,142.044,142.031,1.94,1.2
08.10.2022 00:03:40.245 GMT+0800,142.044,142.031,1.94,1.2
08.10.2022 00:03:40.347 GMT+0800,142.043,142.031,1.8,1.2
08.10.2022 00:03:40.591 GMT+0800,142.042,142.029,2.7,1.2
08.10.2022 00:03:40.642 GMT+0800,142.039,142.028,1.2,1.94
08.10.2022 00:03:40.743 GMT+0800,142.039,142.029,1.2,1.2
08.10.2022 00:03:40.845 GMT+0800,142.035,142.026,1.2,1.2
08.10.2022 00:03:40.896 GMT+0800,142.035,142.025,1.2,1.8
08.10.2022 00:03:40.947 GMT+0800,142.03799999999998,142.025,2.24,1.8
08.10.2022 00:03:40.998 GMT+0800,142.03799999999998,142.02700000000002,1.8,1.2
08.10.2022 00:03:41.099 GMT+0800,142.037,142.026,1.2,1.2
08.10.2022 00:03:41.150 GMT+0800,142.036,142.025,2.24,1.2
08.10.2022 00:03:41.253 GMT+0800,142.034,142.023,1.8,1.2
08.10.2022 00:03:41.355 GMT+0800,142.036,142.023,1.94,1.2
08.10.2022 00:03:41.456 GMT+0800,142.032,142.02100000000002,1.2,1.2
08.10.2022 00:03:41.659 GMT+0800,142.034,142.02200000000002,1.2,1.2
08.10.2022 00:03:41.761 GMT+0800,142.036,142.02200000000002,1.94,1.2
08.10.2022 00:03:41.812 GMT+0800,142.036,142.024,1.8,1.2
08.10.2022 00:03:41.863 GMT+0800,142.037,142.02200000000002,1.2,1.2
08.10.2022 00:03:41.964 GMT+0800,142.035,142.02100000000002,1.34,1.8
08.10.2022 00:03:42.167 GMT+0800,142.034,142.02200000000002,1.2,1.2
08.10.2022 00:03:42.301 GMT+0800,142.034,142.02200000000002,1.2,1.2
08.10.2022 00:03:42.453 GMT+0800,142.033,142.02100000000002,1.2,1.2
08.10.2022 00:03:42.729 GMT+0800,142.034,142.02100000000002,1.2,1.94
08.10.2022 00:03:43.199 GMT+0800,142.034,142.02100000000002,1.34,2.24
08.10.2022 00:03:43.250 GMT+0800,142.034,142.02100000000002,1.8,1.8
08.10.2022 00:03:43.352 GMT+0800,142.034,142.02100000000002,1.8,1.94
08.10.2022 00:03:43.499 GMT+0800,142.034,142.02,1.2,1.34
08.10.2022 00:03:44.068 GMT+0800,142.034,142.02100000000002,2.24,1.34
08.10.2022 00:03:44.251 GMT+0800,142.034,142.02,1.8,1.94
08.10.2022 00:03:44.454 GMT+0800,142.034,142.02,1.8,1.94
08.10.2022 00:03:44.555 GMT+0800,142.033,142.02,2.4,1.34
08.10.2022 00:03:44.657 GMT+0800,142.032,142.02,1.8,1.2
08.10.2022 00:03:45.039 GMT+0800,142.032,142.01700000000002,1.2,1.94
08.10.2022 00:03:45.242 GMT+0800,142.032,142.01700000000002,1.2,1.94
08.10.2022 00:03:45.344 GMT+0800,142.034,142.02100000000002,1.8,1.2
08.10.2022 00:03:45.496 GMT+0800,142.034,142.02100000000002,1.8,1.2
08.10.2022 00:03:45.598 GMT+0800,142.035,142.02100000000002,4.2,1.94
08.10.2022 00:03:45.700 GMT+0800,142.037,142.023,1.2,1.2
08.10.2022 00:03:45.750 GMT+0800,142.03799999999998,142.024,2.04,1.2
08.10.2022 00:03:45.902 GMT+0800,142.03799999999998,142.025,2.04,1.2
08.10.2022 00:03:46.106 GMT+0800,142.03799999999998,142.024,1.2,1.2
08.10.2022 00:03:46.207 GMT+0800,142.039,142.024,1.8,1.2
08.10.2022 00:03:46.309 GMT+0800,142.03799999999998,142.025,1.2,1.2
08.10.2022 00:03:46.678 GMT+0800,142.03799999999998,142.024,1.2,1.2
08.10.2022 00:03:46.861 GMT+0800,142.03799999999998,142.024,1.2,1.94
08.10.2022 00:03:47.013 GMT+0800,142.03799999999998,142.023,1.34,1.94
08.10.2022 00:03:47.115 GMT+0800,142.04,142.025,1.8,1.2
08.10.2022 00:03:47.401 GMT+0800,142.041,142.025,2.34,1.2
08.10.2022 00:03:47.526 GMT+0800,142.039,142.026,1.34,1.2
08.10.2022 00:03:47.627 GMT+0800,142.04,142.028,2.04,1.2
08.10.2022 00:03:47.728 GMT+0800,142.04,142.028,2.48,1.2
08.10.2022 00:03:48.137 GMT+0800,142.039,142.02700000000002,1.2,1.2
08.10.2022 00:03:48.596 GMT+0800,142.039,142.028,1.2,1.2
08.10.2022 00:03:48.698 GMT+0800,142.04,142.028,1.34,1.2
08.10.2022 00:03:49.426 GMT+0800,142.042,142.029,2.94,1.2
08.10.2022 00:03:49.527 GMT+0800,142.041,142.02700000000002,1.8,1.2
08.10.2022 00:03:49.578 GMT+0800,142.03799999999998,142.02700000000002,1.2,1.2
08.10.2022 00:03:49.680 GMT+0800,142.042,142.029,1.8,1.2
08.10.2022 00:03:49.915 GMT+0800,142.04,142.02700000000002,1.2,1.2
08.10.2022 00:03:50.016 GMT+0800,142.041,142.026,1.34,1.2
08.10.2022 00:03:50.138 GMT+0800,142.04,142.028,1.34,1.2
08.10.2022 00:03:50.239 GMT+0800,142.041,142.03,2.4,1.2
08.10.2022 00:03:50.444 GMT+0800,142.042,142.029,2.4,1.2
08.10.2022 00:03:50.546 GMT+0800,142.042,142.029,2.4,1.2
08.10.2022 00:03:50.966 GMT+0800,142.041,142.031,1.8,1.2
08.10.2022 00:03:51.169 GMT+0800,142.041,142.029,1.8,1.2
08.10.2022 00:03:51.565 GMT+0800,142.042,142.028,1.34,1.2
08.10.2022 00:03:51.667 GMT+0800,142.041,142.03,1.34,1.2
08.10.2022 00:03:52.242 GMT+0800,142.041,142.028,1.8,1.94
08.10.2022 00:03:52.295 GMT+0800,142.039,142.028,1.2,2.24
08.10.2022 00:03:53.147 GMT+0800,142.039,142.02700000000002,1.34,1.8
08.10.2022 00:03:53.366 GMT+0800,142.039,142.028,1.2,1.2
08.10.2022 00:03:53.417 GMT+0800,142.042,142.028,2.11,1.2
08.10.2022 00:03:53.720 GMT+0800,142.042,142.029,1.5,1.2
08.10.2022 00:03:54.042 GMT+0800,142.043,142.028,2.1,1.2
08.10.2022 00:03:54.295 GMT+0800,142.041,142.02700000000002,1.2,1.8
08.10.2022 00:03:55.414 GMT+0800,142.039,142.02700000000002,1.2,1.94
08.10.2022 00:03:55.593 GMT+0800,142.04,142.026,1.34,1.2
08.10.2022 00:03:55.644 GMT+0800,142.042,142.02700000000002,1.34,1.94
08.10.2022 00:03:55.745 GMT+0800,142.043,142.028,1.2,1.2
08.10.2022 00:03:56.079 GMT+0800,142.042,142.029,1.8,1.8
08.10.2022 00:03:56.400 GMT+0800,142.042,142.029,2.84,1.8
08.10.2022 00:03:56.501 GMT+0800,142.042,142.028,1.92,1.2
08.10.2022 00:03:56.704 GMT+0800,142.042,142.029,3.68,1.34
08.10.2022 00:03:57.069 GMT+0800,142.039,142.025,1.2,3.78
08.10.2022 00:03:57.171 GMT+0800,142.03799999999998,142.025,1.2,1.34
08.10.2022 00:03:57.753 GMT+0800,142.035,142.02100000000002,1.32,1.8
08.10.2022 00:03:57.804 GMT+0800,142.033,142.019,1.2,1.98
08.10.2022 00:03:57.905 GMT+0800,142.03,142.01700000000002,1.2,1.8
08.10.2022 00:03:58.184 GMT+0800,142.03,142.01700000000002,1.2,1.2
08.10.2022 00:03:58.285 GMT+0800,142.029,142.01600000000002,1.2,1.52
08.10.2022 00:03:58.387 GMT+0800,142.028,142.01500000000001,1.2,1.2
08.10.2022 00:03:58.651 GMT+0800,142.028,142.014,1.8,1.34
08.10.2022 00:03:58.752 GMT+0800,142.028,142.014,1.8,1.8
08.10.2022 00:03:59.003 GMT+0800,142.026,142.014,1.2,1.2
08.10.2022 00:03:59.105 GMT+0800,142.028,142.014,1.8,1.8
08.10.2022 00:03:59.207 GMT+0800,142.026,142.01,1.94,2.84
08.10.2022 00:03:59.308 GMT+0800,142.026,142.01,2.84,2.4
08.10.2022 00:03:59.410 GMT+0800,142.026,142.013,1.2,1.94
08.10.2022 00:03:59.461 GMT+0800,142.029,142.014,1.2,1.2
08.10.2022 00:03:59.908 GMT+0800,142.03,142.01500000000001,1.94,1.2
08.10.2022 00:04:00.869 GMT+0800,142.03,142.014,1.94,1.94
08.10.2022 00:04:01.008 GMT+0800,142.03,142.01500000000001,1.34,1.2
08.10.2022 00:04:01.215 GMT+0800,142.031,142.01500000000001,1.2,1.2
08.10.2022 00:04:01.922 GMT+0800,142.03,142.01600000000002,1.94,1.2
08.10.2022 00:04:02.076 GMT+0800,142.03,142.01500000000001,1.94,1.94
08.10.2022 00:04:02.127 GMT+0800,142.03,142.01600000000002,1.2,1.2
08.10.2022 00:04:02.228 GMT+0800,142.032,142.018,1.2,1.2
08.10.2022 00:04:02.330 GMT+0800,142.025,142.014,1.2,1.34
08.10.2022 00:04:02.432 GMT+0800,142.026,142.013,1.2,1.2
08.10.2022 00:04:02.534 GMT+0800,142.02700000000002,142.014,1.2,1.2
08.10.2022 00:04:02.635 GMT+0800,142.02700000000002,142.014,1.2,1.2
08.10.2022 00:04:02.787 GMT+0800,142.02700000000002,142.013,1.2,1.8
08.10.2022 00:04:03.136 GMT+0800,142.028,142.014,1.8,1.8
08.10.2022 00:04:03.237 GMT+0800,142.028,142.014,1.94,1.8
08.10.2022 00:04:03.288 GMT+0800,142.028,142.014,1.34,1.94
08.10.2022 00:04:03.732 GMT+0800,142.02700000000002,142.01500000000001,1.2,1.2
08.10.2022 00:04:04.185 GMT+0800,142.02700000000002,142.014,1.2,1.34
08.10.2022 00:04:04.762 GMT+0800,142.026,142.014,1.2,1.2
08.10.2022 00:04:04.914 GMT+0800,142.026,142.014,1.2,1.2
08.10.2022 00:04:05.067 GMT+0800,142.026,142.014,1.2,1.2
08.10.2022 00:04:05.118 GMT+0800,142.028,142.014,3.24,1.8
08.10.2022 00:04:05.219 GMT+0800,142.029,142.011,1.94,4.64
08.10.2022 00:04:05.321 GMT+0800,142.026,142.013,1.2,1.2
08.10.2022 00:04:05.574 GMT+0800,142.02700000000002,142.012,1.2,1.8
08.10.2022 00:04:05.675 GMT+0800,142.028,142.012,3.38,2.84
08.10.2022 00:04:05.973 GMT+0800,142.02700000000002,142.013,1.2,1.2
08.10.2022 00:04:06.024 GMT+0800,142.028,142.012,3.38,1.94
08.10.2022 00:04:06.267 GMT+0800,142.02700000000002,142.013,1.2,1.8
08.10.2022 00:04:06.370 GMT+0800,142.02700000000002,142.013,1.2,1.8
08.10.2022 00:04:06.522 GMT+0800,142.028,142.012,1.2,1.8
08.10.2022 00:04:07.532 GMT+0800,142.02700000000002,142.013,2.94,1.2
08.10.2022 00:04:07.806 GMT+0800,142.026,142.013,1.8,1.34
08.10.2022 00:04:07.927 GMT+0800,142.026,142.013,1.2,1.8
08.10.2022 00:04:08.169 GMT+0800,142.026,142.012,1.2,1.8
08.10.2022 00:04:08.389 GMT+0800,142.026,142.012,1.2,1.8
08.10.2022 00:04:09.095 GMT+0800,142.026,142.012,1.94,1.8
08.10.2022 00:04:10.338 GMT+0800,142.025,142.012,1.2,1.8
08.10.2022 00:04:10.757 GMT+0800,142.026,142.012,1.8,1.8
08.10.2022 00:04:10.866 GMT+0800,142.026,142.012,1.34,2.4
08.10.2022 00:04:11.118 GMT+0800,142.026,142.012,1.94,1.8
08.10.2022 00:04:11.473 GMT+0800,142.026,142.012,1.8,2.4
08.10.2022 00:04:11.574 GMT+0800,142.02700000000002,142.011,1.34,2.4
08.10.2022 00:04:11.676 GMT+0800,142.02700000000002,142.013,1.2,1.8
08.10.2022 00:04:11.727 GMT+0800,142.029,142.014,2.4,1.94
08.10.2022 00:04:11.980 GMT+0800,142.028,142.01500000000001,1.2,1.34
08.10.2022 00:04:12.617 GMT+0800,142.029,142.014,1.8,3.74
08.10.2022 00:04:12.737 GMT+0800,142.029,142.01500000000001,1.2,1.94
08.10.2022 00:04:13.087 GMT+0800,142.028,142.01500000000001,1.2,1.8
08.10.2022 00:04:13.282 GMT+0800,142.028,142.01500000000001,1.2,1.2
08.10.2022 00:04:15.049 GMT+0800,142.029,142.014,1.92,2.24
08.10.2022 00:04:15.518 GMT+0800,142.028,142.014,1.2,1.8
08.10.2022 00:04:15.780 GMT+0800,142.02700000000002,142.014,1.2,1.8
08.10.2022 00:04:17.413 GMT+0800,142.02700000000002,142.01500000000001,1.2,1.2
08.10.2022 00:04:17.697 GMT+0800,142.028,142.01500000000001,1.94,1.2
08.10.2022 00:04:18.053 GMT+0800,142.02700000000002,142.01500000000001,1.2,1.2
08.10.2022 00:04:18.373 GMT+0800,142.02700000000002,142.014,1.2,1.8
08.10.2022 00:04:19.238 GMT+0800,142.02700000000002,142.01500000000001,1.2,1.2
08.10.2022 00:04:19.289 GMT+0800,142.031,142.019,2.1,1.94
08.10.2022 00:04:19.340 GMT+0800,142.031,142.02,1.34,2.4
08.10.2022 00:04:19.493 GMT+0800,142.035,142.02,2.22,1.94
08.10.2022 00:04:19.594 GMT+0800,142.033,142.019,1.94,2.4
08.10.2022 00:04:19.696 GMT+0800,142.033,142.019,1.8,2.4
08.10.2022 00:04:19.797 GMT+0800,142.033,142.019,1.94,2.4
08.10.2022 00:04:20.925 GMT+0800,142.033,142.024,1.34,1.8
08.10.2022 00:04:21.026 GMT+0800,142.03799999999998,142.026,1.8,1.94
08.10.2022 00:04:21.347 GMT+0800,142.039,142.02700000000002,2.24,1.2
08.10.2022 00:04:21.550 GMT+0800,142.041,142.02700000000002,2.04,1.2
08.10.2022 00:04:21.869 GMT+0800,142.041,142.025,1.2,2.4
08.10.2022 00:04:21.920 GMT+0800,142.042,142.026,4.43,2.4
08.10.2022 00:04:22.021 GMT+0800,142.044,142.031,1.92,1.2
08.10.2022 00:04:22.072 GMT+0800,142.041,142.03,1.2,1.2
08.10.2022 00:04:22.438 GMT+0800,142.042,142.029,1.8,2.4
08.10.2022 00:04:22.490 GMT+0800,142.04500000000002,142.032,1.2,1.8
08.10.2022 00:04:22.743 GMT+0800,142.04600000000002,142.032,1.34,1.8
08.10.2022 00:04:22.845 GMT+0800,142.047,142.031,1.94,1.8
08.10.2022 00:04:22.946 GMT+0800,142.04500000000002,142.032,1.32,1.2
08.10.2022 00:04:22.997 GMT+0800,142.041,142.032,1.2,1.2
08.10.2022 00:04:23.048 GMT+0800,142.042,142.026,1.8,2.4
08.10.2022 00:04:23.809 GMT+0800,142.042,142.02700000000002,2.94,1.94
08.10.2022 00:04:23.911 GMT+0800,142.042,142.03,1.34,1.8
08.10.2022 00:04:23.962 GMT+0800,142.043,142.031,1.34,1.2
08.10.2022 00:04:24.064 GMT+0800,142.043,142.031,1.94,1.8
08.10.2022 00:04:24.165 GMT+0800,142.041,142.031,1.2,1.2
08.10.2022 00:04:24.303 GMT+0800,142.042,142.031,1.2,1.2
08.10.2022 00:04:24.809 GMT+0800,142.044,142.031,1.2,1.8
08.10.2022 00:04:24.860 GMT+0800,142.04500000000002,142.03,1.2,1.8
08.10.2022 00:04:25.359 GMT+0800,142.04500000000002,142.031,4.04,1.2
08.10.2022 00:04:25.410 GMT+0800,142.04500000000002,142.032,2.24,1.8
08.10.2022 00:04:25.511 GMT+0800,142.048,142.033,4.02,1.2
08.10.2022 00:04:25.562 GMT+0800,142.047,142.032,1.92,2.84
08.10.2022 00:04:25.664 GMT+0800,142.047,142.031,2.4,2.4
08.10.2022 00:04:25.715 GMT+0800,142.04500000000002,142.032,1.2,2.4
08.10.2022 00:04:25.766 GMT+0800,142.047,142.034,2.84,1.2
08.10.2022 00:04:25.817 GMT+0800,142.044,142.032,1.8,2.4
08.10.2022 00:04:26.258 GMT+0800,142.04600000000002,142.032,2.84,1.8
08.10.2022 00:04:26.359 GMT+0800,142.04600000000002,142.032,1.8,2.4
08.10.2022 00:04:26.461 GMT+0800,142.04600000000002,142.033,2.48,1.2
08.10.2022 00:04:26.512 GMT+0800,142.044,142.033,1.2,1.2
08.10.2022 00:04:26.664 GMT+0800,142.04500000000002,142.031,1.2,1.34
08.10.2022 00:04:26.766 GMT+0800,142.047,142.03,3.3,4.2
08.10.2022 00:04:26.968 GMT+0800,142.04600000000002,142.031,3.3,4.2
08.10.2022 00:04:27.070 GMT+0800,142.044,142.031,1.34,4.2
08.10.2022 00:04:27.273 GMT+0800,142.044,142.031,1.34,3.3
08.10.2022 00:04:27.388 GMT+0800,142.044,142.031,1.8,3.3
08.10.2022 00:04:28.226 GMT+0800,142.04600000000002,142.031,2.94,2.4
08.10.2022 00:04:28.435 GMT+0800,142.04600000000002,142.031,2.4,2.4
08.10.2022 00:04:28.486 GMT+0800,142.04600000000002,142.031,2.24,3.3
08.10.2022 00:04:30.054 GMT+0800,142.048,142.032,2.4,4.2
08.10.2022 00:04:30.105 GMT+0800,142.049,142.034,1.8,1.8
08.10.2022 00:04:30.206 GMT+0800,142.049,142.034,1.8,1.94
08.10.2022 00:04:30.608 GMT+0800,142.049,142.034,1.8,1.8
08.10.2022 00:04:31.127 GMT+0800,142.05,142.034,2.04,1.8
08.10.2022 00:04:31.479 GMT+0800,142.049,142.035,2.84,1.8
08.10.2022 00:04:31.581 GMT+0800,142.04600000000002,142.033,3.14,2.84
08.10.2022 00:04:31.632 GMT+0800,142.04500000000002,142.033,1.2,2.24
08.10.2022 00:04:31.734 GMT+0800,142.044,142.032,1.8,1.34
08.10.2022 00:04:31.835 GMT+0800,142.044,142.029,2.84,1.94
08.10.2022 00:04:32.429 GMT+0800,142.044,142.03,1.8,1.2
08.10.2022 00:04:32.531 GMT+0800,142.044,142.03,1.34,1.8
08.10.2022 00:04:32.632 GMT+0800,142.043,142.03,1.2,1.34
08.10.2022 00:04:32.734 GMT+0800,142.044,142.029,1.94,1.2
08.10.2022 00:04:32.836 GMT+0800,142.04,142.02700000000002,1.2,1.2
08.10.2022 00:04:32.937 GMT+0800,142.03799999999998,142.025,1.2,1.8
08.10.2022 00:04:33.039 GMT+0800,142.039,142.023,1.94,1.94
08.10.2022 00:04:33.506 GMT+0800,142.03799999999998,142.023,1.2,2.58
08.10.2022 00:04:33.949 GMT+0800,142.037,142.02200000000002,1.94,2.58
08.10.2022 00:04:34.000 GMT+0800,142.037,142.02100000000002,3.84,2.4
08.10.2022 00:04:34.101 GMT+0800,142.037,142.02200000000002,1.2,1.2
08.10.2022 00:04:34.152 GMT+0800,142.03799999999998,142.02100000000002,1.2,1.94
08.10.2022 00:04:34.254 GMT+0800,142.039,142.025,1.98,1.2
08.10.2022 00:04:34.355 GMT+0800,142.04,142.026,2.7,1.8
08.10.2022 00:04:34.508 GMT+0800,142.04,142.026,2.84,1.8
08.10.2022 00:04:34.673 GMT+0800,142.04,142.026,2.94,1.8
08.10.2022 00:04:34.800 GMT+0800,142.03799999999998,142.026,1.2,1.8
08.10.2022 00:04:34.903 GMT+0800,142.039,142.026,1.2,1.8
08.10.2022 00:04:35.005 GMT+0800,142.03799999999998,142.026,1.2,1.8
08.10.2022 00:04:35.107 GMT+0800,142.04,142.026,2.4,1.94
08.10.2022 00:04:35.360 GMT+0800,142.04,142.026,2.4,1.8
08.10.2022 00:04:35.555 GMT+0800,142.04,142.026,2.4,1.8
08.10.2022 00:04:35.674 GMT+0800,142.04,142.02700000000002,2.4,1.2
08.10.2022 00:04:35.826 GMT+0800,142.03799999999998,142.026,1.34,1.8
08.10.2022 00:04:35.927 GMT+0800,142.03799999999998,142.024,2.4,1.2
08.10.2022 00:04:36.184 GMT+0800,142.03799999999998,142.023,2.84,1.8
08.10.2022 00:04:36.289 GMT+0800,142.037,142.023,1.2,1.8
08.10.2022 00:04:36.960 GMT+0800,142.036,142.023,2.24,1.8
08.10.2022 00:04:37.171 GMT+0800,142.036,142.023,1.34,1.94
08.10.2022 00:04:37.755 GMT+0800,142.036,142.023,1.2,1.2
08.10.2022 00:04:38.687 GMT+0800,142.036,142.024,1.2,1.2
08.10.2022 00:04:39.252 GMT+0800,142.036,142.023,1.2,1.94
08.10.2022 00:04:39.547 GMT+0800,142.036,142.023,1.2,1.8
08.10.2022 00:04:39.817 GMT+0800,142.036,142.023,2.24,1.8
08.10.2022 00:04:39.868 GMT+0800,142.036,142.023,1.2,1.94
08.10.2022 00:04:40.052 GMT+0800,142.036,142.023,1.34,1.8
08.10.2022 00:04:40.799 GMT+0800,142.036,142.024,2.48,1.2
08.10.2022 00:04:40.901 GMT+0800,142.034,142.02100000000002,2.4,1.8
08.10.2022 00:04:40.952 GMT+0800,142.03,142.02100000000002,1.2,1.2
08.10.2022 00:04:41.003 GMT+0800,142.03,142.01700000000002,1.8,1.34
08.10.2022 00:04:41.116 GMT+0800,142.03,142.01700000000002,1.34,1.8
08.10.2022 00:04:41.167 GMT+0800,142.029,142.01600000000002,1.8,1.2
08.10.2022 00:04:41.269 GMT+0800,142.026,142.013,1.34,1.8
08.10.2022 00:04:41.471 GMT+0800,142.026,142.013,1.2,1.8
08.10.2022 00:04:41.573 GMT+0800,142.028,142.013,1.2,1.8
08.10.2022 00:04:41.674 GMT+0800,142.029,142.014,3.74,1.2
08.10.2022 00:04:41.725 GMT+0800,142.029,142.014,3.6,1.2
08.10.2022 00:04:41.776 GMT+0800,142.02700000000002,142.013,1.2,2.4
08.10.2022 00:04:41.878 GMT+0800,142.026,142.013,1.2,1.8
08.10.2022 00:04:41.979 GMT+0800,142.025,142.013,1.94,1.2
08.10.2022 00:04:42.030 GMT+0800,142.023,142.011,1.2,1.2
08.10.2022 00:04:42.081 GMT+0800,142.02100000000002,142.008,1.2,2.4
08.10.2022 00:04:42.183 GMT+0800,142.02200000000002,142.008,1.2,1.94
08.10.2022 00:04:42.284 GMT+0800,142.02,142.008,1.2,1.2
08.10.2022 00:04:42.437 GMT+0800,142.02100000000002,142.008,1.8,1.8
08.10.2022 00:04:42.589 GMT+0800,142.02100000000002,142.008,1.2,1.8
08.10.2022 00:04:43.029 GMT+0800,142.02,142.008,1.2,1.34
08.10.2022 00:04:43.182 GMT+0800,142.02,142.008,1.2,1.2
08.10.2022 00:04:43.283 GMT+0800,142.019,142.007,1.2,1.8
08.10.2022 00:04:43.435 GMT+0800,142.02100000000002,142.009,1.8,1.8
08.10.2022 00:04:43.487 GMT+0800,142.026,142.012,2.48,1.8
08.10.2022 00:04:43.588 GMT+0800,142.025,142.011,2.94,1.8
08.10.2022 00:04:43.690 GMT+0800,142.023,142.01,1.34,1.8
08.10.2022 00:04:43.910 GMT+0800,142.023,142.01,1.8,1.8
08.10.2022 00:04:44.182 GMT+0800,142.023,142.01,1.34,1.8
08.10.2022 00:04:44.283 GMT+0800,142.023,142.01,1.34,1.8
08.10.2022 00:04:44.334 GMT+0800,142.025,142.012,1.2,1.2
08.10.2022 00:04:44.436 GMT+0800,142.02700000000002,142.011,1.2,1.8
08.10.2022 00:04:44.537 GMT+0800,142.028,142.014,2.84,1.2
08.10.2022 00:04:44.639 GMT+0800,142.028,142.013,2.84,1.2
08.10.2022 00:04:44.741 GMT+0800,142.02700000000002,142.012,1.2,4.2
08.10.2022 00:04:44.893 GMT+0800,142.02700000000002,142.012,1.2,2.4
08.10.2022 00:04:45.196 GMT+0800,142.026,142.012,2.84,1.8
08.10.2022 00:04:45.399 GMT+0800,142.026,142.012,2.84,2.4
08.10.2022 00:04:45.733 GMT+0800,142.026,142.013,1.2,1.2
08.10.2022 00:04:45.835 GMT+0800,142.029,142.014,4.51,1.2
08.10.2022 00:04:45.936 GMT+0800,142.029,142.01500000000001,2.24,1.2
08.10.2022 00:04:45.987 GMT+0800,142.028,142.013,1.2,1.8
08.10.2022 00:04:46.089 GMT+0800,142.02700000000002,142.012,1.2,2.4
08.10.2022 00:04:46.190 GMT+0800,142.02700000000002,142.012,1.94,2.4
08.10.2022 00:04:46.901 GMT+0800,142.026,142.013,1.94,1.8
08.10.2022 00:04:47.110 GMT+0800,142.026,142.013,1.94,1.34
08.10.2022 00:04:47.861 GMT+0800,142.02700000000002,142.012,1.8,1.94
08.10.2022 00:04:48.071 GMT+0800,142.02700000000002,142.012,1.94,1.94
08.10.2022 00:04:48.172 GMT+0800,142.026,142.012,1.8,1.94
08.10.2022 00:04:48.638 GMT+0800,142.025,142.011,1.32,1.34
08.10.2022 00:04:48.790 GMT+0800,142.023,142.012,1.2,1.8
08.10.2022 00:04:48.892 GMT+0800,142.025,142.011,2.4,1.8
08.10.2022 00:04:48.942 GMT+0800,142.026,142.012,4.2,1.8
08.10.2022 00:04:49.094 GMT+0800,142.025,142.012,1.2,1.8
08.10.2022 00:04:49.196 GMT+0800,142.024,142.012,1.2,1.8
08.10.2022 00:04:49.297 GMT+0800,142.024,142.012,1.34,1.8
08.10.2022 00:04:49.399 GMT+0800,142.024,142.012,1.34,1.8
08.10.2022 00:04:49.500 GMT+0800,142.025,142.012,1.2,1.8
08.10.2022 00:04:49.770 GMT+0800,142.026,142.011,2.84,1.94
08.10.2022 00:04:49.979 GMT+0800,142.024,142.012,1.2,1.2
08.10.2022 00:04:50.030 GMT+0800,142.02200000000002,142.011,1.2,1.8
08.10.2022 00:04:50.132 GMT+0800,142.018,142.005,1.2,1.8
08.10.2022 00:04:50.436 GMT+0800,142.019,142.006,1.2,1.2
08.10.2022 00:04:50.638 GMT+0800,142.019,142.005,2.4,1.8
08.10.2022 00:04:50.841 GMT+0800,142.019,142.005,2.24,1.8
08.10.2022 00:04:51.138 GMT+0800,142.019,142.01,2.24,1.2
08.10.2022 00:04:51.239 GMT+0800,142.02100000000002,142.01700000000002,1.2,1.2
08.10.2022 00:04:51.290 GMT+0800,142.02700000000002,142.01600000000002,2.24,2.4
08.10.2022 00:04:51.392 GMT+0800,142.02700000000002,142.01500000000001,2.84,1.34
08.10.2022 00:04:51.694 GMT+0800,142.026,142.014,1.2,1.2
08.10.2022 00:04:51.897 GMT+0800,142.02700000000002,142.013,2.4,1.8
08.10.2022 00:04:51.998 GMT+0800,142.02700000000002,142.014,2.4,1.2
08.10.2022 00:04:52.100 GMT+0800,142.028,142.013,2.4,1.2
08.10.2022 00:04:52.367 GMT+0800,142.02700000000002,142.014,2.4,1.2
08.10.2022 00:04:52.584 GMT+0800,142.02700000000002,142.01700000000002,2.4,1.2
08.10.2022 00:04:52.685 GMT+0800,142.02700000000002,142.01500000000001,2.24,1.2
08.10.2022 00:04:52.861 GMT+0800,142.02700000000002,142.01600000000002,1.2,1.2
08.10.2022 00:04:53.565 GMT+0800,142.026,142.014,1.2,1.2
08.10.2022 00:04:53.831 GMT+0800,142.02700000000002,142.012,1.2,1.8
08.10.2022 00:04:54.209 GMT+0800,142.025,142.013,1.94,1.8
08.10.2022 00:04:55.017 GMT+0800,142.024,142.012,1.2,2.7
08.10.2022 00:04:55.487 GMT+0800,142.025,142.012,1.94,2.7
08.10.2022 00:04:55.891 GMT+0800,142.025,142.012,1.94,3.6
08.10.2022 00:04:56.224 GMT+0800,142.025,142.012,1.2,2.7
08.10.2022 00:04:56.693 GMT+0800,142.026,142.01700000000002,1.8,3.3
08.10.2022 00:04:56.744 GMT+0800,142.03,142.019,1.2,1.8
08.10.2022 00:04:56.845 GMT+0800,142.034,142.02100000000002,1.2,1.8
08.10.2022 00:04:56.896 GMT+0800,142.035,142.02100000000002,3.74,1.8
08.10.2022 00:04:56.998 GMT+0800,142.035,142.025,1.2,1.2
08.10.2022 00:04:57.100 GMT+0800,142.03799999999998,142.025,2.4,1.2
08.10.2022 00:04:57.202 GMT+0800,142.03799999999998,142.025,2.4,1.2
08.10.2022 00:04:57.370 GMT+0800,142.039,142.024,2.4,1.2
08.10.2022 00:04:57.472 GMT+0800,142.03799999999998,142.025,2.4,1.2
08.10.2022 00:04:57.573 GMT+0800,142.03799999999998,142.02700000000002,1.8,1.2
08.10.2022 00:04:57.905 GMT+0800,142.04,142.02700000000002,1.34,1.2
08.10.2022 00:04:58.007 GMT+0800,142.039,142.02700000000002,1.2,1.8
08.10.2022 00:04:58.138 GMT+0800,142.039,142.02700000000002,1.2,1.8
08.10.2022 00:04:58.877 GMT+0800,142.039,142.028,1.2,1.34
08.10.2022 00:04:59.003 GMT+0800,142.039,142.028,1.2,1.8
08.10.2022 00:04:59.138 GMT+0800,142.039,142.028,1.34,1.2
08.10.2022 00:04:59.240 GMT+0800,142.039,142.02700000000002,1.2,1.8
08.10.2022 00:04:59.291 GMT+0800,142.039,142.02700000000002,1.8,1.34
08.10.2022 00:04:59.392 GMT+0800,142.039,142.025,1.34,2.4
08.10.2022 00:04:59.595 GMT+0800,142.03799999999998,142.026,2.4,2.4
08.10.2022 00:05:00.567 GMT+0800,142.039,142.031,1.2,1.34
08.10.2022 00:05:00.668 GMT+0800,142.043,142.033,1.2,1.2
08.10.2022 00:05:00.770 GMT+0800,142.044,142.032,1.8,2.4
08.10.2022 00:05:00.973 GMT+0800,142.044,142.031,1.2,1.2
08.10.2022 00:05:01.074 GMT+0800,142.04,142.03,1.2,1.2
08.10.2022 00:05:01.176 GMT+0800,142.039,142.028,1.2,2.4
08.10.2022 00:05:01.241 GMT+0800,142.042,142.028,2.84,2.4
08.10.2022 00:05:01.612 GMT+0800,142.042,142.028,3.38,1.8
08.10.2022 00:05:01.779 GMT+0800,142.041,142.028,1.2,1.8
08.10.2022 00:05:01.881 GMT+0800,142.039,142.02700000000002,1.2,2.58
08.10.2022 00:05:01.983 GMT+0800,142.04,142.026,1.2,1.2
08.10.2022 00:05:02.084 GMT+0800,142.039,142.026,1.34,2.4
08.10.2022 00:05:02.632 GMT+0800,142.039,142.02700000000002,1.2,1.2
08.10.2022 00:05:02.808 GMT+0800,142.039,142.026,1.2,2.4
08.10.2022 00:05:03.116 GMT+0800,142.041,142.02700000000002,1.88,3.3
08.10.2022 00:05:03.167 GMT+0800,142.041,142.02700000000002,2.48,1.8
08.10.2022 00:05:03.269 GMT+0800,142.04,142.02700000000002,1.94,1.8
08.10.2022 00:05:03.421 GMT+0800,142.03799999999998,142.026,1.2,2.7
08.10.2022 00:05:03.522 GMT+0800,142.04,142.025,2.84,1.8
08.10.2022 00:05:03.685 GMT+0800,142.039,142.026,3.38,2.4
08.10.2022 00:05:03.736 GMT+0800,142.03799999999998,142.025,1.94,2.4
08.10.2022 00:05:03.787 GMT+0800,142.037,142.024,2.84,1.8
08.10.2022 00:05:03.889 GMT+0800,142.035,142.023,1.8,1.8
08.10.2022 00:05:04.374 GMT+0800,142.035,142.024,1.8,1.2
08.10.2022 00:05:04.475 GMT+0800,142.036,142.025,1.8,1.34
08.10.2022 00:05:04.608 GMT+0800,142.036,142.024,1.8,1.34
08.10.2022 00:05:04.710 GMT+0800,142.036,142.025,1.34,1.34
08.10.2022 00:05:04.811 GMT+0800,142.039,142.024,3.74,1.8
08.10.2022 00:05:04.963 GMT+0800,142.036,142.025,1.2,1.8
08.10.2022 00:05:05.406 GMT+0800,142.036,142.024,2.4,2.4
08.10.2022 00:05:05.641 GMT+0800,142.033,142.023,1.2,1.2
08.10.2022 00:05:05.742 GMT+0800,142.034,142.02,1.2,1.8
08.10.2022 00:05:05.844 GMT+0800,142.033,142.02,2.24,1.2
08.10.2022 00:05:05.945 GMT+0800,142.032,142.02100000000002,2.84,1.2
08.10.2022 00:05:06.148 GMT+0800,142.032,142.02100000000002,3.14,1.2
08.10.2022 00:05:06.249 GMT+0800,142.032,142.02100000000002,2.84,1.2
08.10.2022 00:05:06.892 GMT+0800,142.032,142.019,2.84,1.8
08.10.2022 00:05:07.168 GMT+0800,142.03,142.019,1.2,1.8
08.10.2022 00:05:07.371 GMT+0800,142.03,142.019,1.94,1.2
08.10.2022 00:05:07.473 GMT+0800,142.029,142.01700000000002,1.2,1.34
08.10.2022 00:05:07.574 GMT+0800,142.029,142.01700000000002,1.2,1.2
08.10.2022 00:05:07.726 GMT+0800,142.029,142.01700000000002,1.2,1.34
08.10.2022 00:05:08.018 GMT+0800,142.029,142.01700000000002,1.2,1.2
08.10.2022 00:05:09.160 GMT+0800,142.028,142.01700000000002,1.8,1.2
08.10.2022 00:05:09.261 GMT+0800,142.028,142.01700000000002,1.34,1.2
08.10.2022 00:05:09.711 GMT+0800,142.025,142.01700000000002,1.2,1.2
08.10.2022 00:05:09.813 GMT+0800,142.02200000000002,142.01700000000002,3.84,1.2
08.10.2022 00:05:09.915 GMT+0800,142.019,142.014,1.8,1.2
08.10.2022 00:05:09.966 GMT+0800,142.019,142.007,2.84,1.34
08.10.2022 00:05:10.067 GMT+0800,142.018,142.004,1.32,1.8
08.10.2022 00:05:10.118 GMT+0800,142.01700000000002,142.004,1.2,1.8
08.10.2022 00:05:10.520 GMT+0800,142.01500000000001,142.001,1.2,2.4
08.10.2022 00:05:10.672 GMT+0800,142.014,142.001,1.2,1.8
08.10.2022 00:05:10.774 GMT+0800,142.01600000000002,142.002,3.38,1.2
08.10.2022 00:05:10.875 GMT+0800,142.01600000000002,142.001,3.38,2.4
08.10.2022 00:05:11.070 GMT+0800,142.01600000000002,142.001,3.38,2.4
08.10.2022 00:05:11.174 GMT+0800,142.01500000000001,142.002,1.2,1.8
08.10.2022 00:05:11.276 GMT+0800,142.014,142.001,1.2,1.8
08.10.2022 00:05:11.377 GMT+0800,142.014,142.001,1.2,1.8
08.10.2022 00:05:11.509 GMT+0800,142.01500000000001,142.004,1.2,1.2
08.10.2022 00:05:11.610 GMT+0800,142.01600000000002,142.003,2.48,1.34
08.10.2022 00:05:11.712 GMT+0800,142.014,142.003,1.2,1.8
08.10.2022 00:05:11.763 GMT+0800,142.01500000000001,142.002,1.94,1.94
08.10.2022 00:05:11.865 GMT+0800,142.01500000000001,142.002,1.2,1.8
08.10.2022 00:05:11.967 GMT+0800,142.014,142.002,1.2,1.2
08.10.2022 00:05:12.068 GMT+0800,142.014,142.002,1.2,1.34
08.10.2022 00:05:12.169 GMT+0800,142.014,141.998,1.2,5.1
08.10.2022 00:05:12.271 GMT+0800,142.012,141.999,1.2,1.8
08.10.2022 00:05:12.372 GMT+0800,142.012,141.999,1.2,1.8
08.10.2022 00:05:12.683 GMT+0800,142.013,141.999,1.8,1.94
08.10.2022 00:05:12.784 GMT+0800,142.01500000000001,142,1.92,1.8
08.10.2022 00:05:12.886 GMT+0800,142.01600000000002,142.003,1.8,1.8
08.10.2022 00:05:12.937 GMT+0800,142.018,142.005,2.39,1.2
08.10.2022 00:05:13.089 GMT+0800,142.019,142.003,1.81,1.8
08.10.2022 00:05:13.213 GMT+0800,142.018,142.004,1.62,1.8
08.10.2022 00:05:13.373 GMT+0800,142.019,142.005,2.94,1.2
08.10.2022 00:05:13.525 GMT+0800,142.019,142.006,2.94,1.2
08.10.2022 00:05:13.729 GMT+0800,142.019,142.01500000000001,1.8,1.2
