Local time,Ask,Bid,AskVolume,BidVolume
01.10.2022 00:00:00.041 GMT+0800,141.58200000000002,141.569,2.22,1.2
01.10.2022 00:00:00.092 GMT+0800,141.583,141.569,3.72,2.7
01.10.2022 00:00:00.194 GMT+0800,141.583,141.573,2.52,1.2
01.10.2022 00:00:00.397 GMT+0800,141.583,141.573,2.96,1.2
01.10.2022 00:00:00.498 GMT+0800,141.58100000000002,141.569,1.32,1.2
01.10.2022 00:00:01.009 GMT+0800,141.58100000000002,141.569,1.32,1.2
01.10.2022 00:00:01.111 GMT+0800,141.58100000000002,141.569,1.32,1.2
01.10.2022 00:00:01.213 GMT+0800,141.58100000000002,141.569,1.32,1.2
01.10.2022 00:00:01.388 GMT+0800,141.58100000000002,141.569,1.32,1.2
01.10.2022 00:00:01.489 GMT+0800,141.58100000000002,141.569,2.82,1.2
01.10.2022 00:00:01.540 GMT+0800,141.58100000000002,141.566,1.92,4.5
01.10.2022 00:00:01.591 GMT+0800,141.58100000000002,141.56799999999998,1.32,1.2
01.10.2022 00:00:01.693 GMT+0800,141.58100000000002,141.569,1.32,1.2
01.10.2022 00:00:01.834 GMT+0800,141.58100000000002,141.569,1.32,1.2
01.10.2022 00:00:01.936 GMT+0800,141.585,141.578,2.22,1.2
01.10.2022 00:00:01.987 GMT+0800,141.586,141.576,1.44,1.2
01.10.2022 00:00:02.038 GMT+0800,141.58700000000002,141.574,1.32,1.8
01.10.2022 00:00:02.140 GMT+0800,141.589,141.57500000000002,1.62,1.2
01.10.2022 00:00:02.191 GMT+0800,141.59,141.576,1.32,1.2
01.10.2022 00:00:02.293 GMT+0800,141.59,141.579,1.32,2.24
01.10.2022 00:00:02.445 GMT+0800,141.59,141.578,2.06,1.8
01.10.2022 00:00:02.598 GMT+0800,141.591,141.58,1.44,1.2
01.10.2022 00:00:02.751 GMT+0800,141.595,141.58100000000002,1.92,1.2
01.10.2022 00:00:02.802 GMT+0800,141.59,141.578,1.92,1.8
01.10.2022 00:00:02.853 GMT+0800,141.588,141.578,1.32,1.2
01.10.2022 00:00:02.904 GMT+0800,141.588,141.57500000000002,1.92,1.2
01.10.2022 00:00:02.955 GMT+0800,141.583,141.573,1.32,2.24
01.10.2022 00:00:03.108 GMT+0800,141.584,141.569,1.92,3.9
01.10.2022 00:00:03.311 GMT+0800,141.584,141.57,1.62,1.2
01.10.2022 00:00:03.362 GMT+0800,141.583,141.57,2.52,1.2
01.10.2022 00:00:03.414 GMT+0800,141.583,141.56799999999998,2.96,1.2
01.10.2022 00:00:03.668 GMT+0800,141.58200000000002,141.567,1.92,3.14
01.10.2022 00:00:03.769 GMT+0800,141.58,141.567,1.32,1.2
01.10.2022 00:00:03.871 GMT+0800,141.58100000000002,141.56799999999998,1.32,1.2
01.10.2022 00:00:04.036 GMT+0800,141.58100000000002,141.567,1.32,2.7
01.10.2022 00:00:04.290 GMT+0800,141.58200000000002,141.569,1.92,1.8
01.10.2022 00:00:04.392 GMT+0800,141.58200000000002,141.56799999999998,1.32,1.2
01.10.2022 00:00:04.494 GMT+0800,141.58,141.567,1.32,1.2
01.10.2022 00:00:04.735 GMT+0800,141.58,141.566,1.32,1.2
01.10.2022 00:00:05.765 GMT+0800,141.58100000000002,141.566,2.52,1.8
01.10.2022 00:00:05.868 GMT+0800,141.579,141.566,1.32,1.2
01.10.2022 00:00:06.678 GMT+0800,141.58200000000002,141.569,1.92,1.2
01.10.2022 00:00:06.833 GMT+0800,141.585,141.57,3.86,1.2
01.10.2022 00:00:07.235 GMT+0800,141.58200000000002,141.569,1.32,1.2
01.10.2022 00:00:07.794 GMT+0800,141.58700000000002,141.574,1.92,1.2
01.10.2022 00:00:07.896 GMT+0800,141.588,141.573,3.19,1.2
01.10.2022 00:00:08.462 GMT+0800,141.589,141.576,1.32,1.2
01.10.2022 00:00:08.564 GMT+0800,141.588,141.574,1.32,1.8
01.10.2022 00:00:09.020 GMT+0800,141.588,141.573,2.06,1.8
01.10.2022 00:00:09.122 GMT+0800,141.58200000000002,141.571,2.06,1.2
01.10.2022 00:00:09.173 GMT+0800,141.58,141.567,1.32,1.2
01.10.2022 00:00:09.310 GMT+0800,141.58,141.56799999999998,2.22,1.2
01.10.2022 00:00:09.513 GMT+0800,141.58200000000002,141.567,2.22,1.8
01.10.2022 00:00:09.615 GMT+0800,141.58100000000002,141.57500000000002,2.06,1.2
01.10.2022 00:00:09.666 GMT+0800,141.584,141.573,2.52,1.2
01.10.2022 00:00:10.021 GMT+0800,141.58200000000002,141.573,3.19,1.2
01.10.2022 00:00:10.123 GMT+0800,141.58200000000002,141.572,3.42,1.2
01.10.2022 00:00:10.227 GMT+0800,141.58200000000002,141.572,3.42,1.2
01.10.2022 00:00:10.670 GMT+0800,141.58200000000002,141.56799999999998,3.42,1.2
01.10.2022 00:00:11.227 GMT+0800,141.58,141.566,1.92,3.14
01.10.2022 00:00:11.767 GMT+0800,141.58100000000002,141.569,2.52,1.2
01.10.2022 00:00:11.869 GMT+0800,141.58,141.57,1.32,1.2
01.10.2022 00:00:12.122 GMT+0800,141.58,141.56799999999998,1.32,1.2
01.10.2022 00:00:12.288 GMT+0800,141.58100000000002,141.56799999999998,2.7,1.2
01.10.2022 00:00:12.339 GMT+0800,141.58100000000002,141.57,2.24,1.2
01.10.2022 00:00:12.390 GMT+0800,141.58100000000002,141.567,2.24,1.2
01.10.2022 00:00:12.700 GMT+0800,141.58200000000002,141.564,2.7,1.8
01.10.2022 00:00:13.160 GMT+0800,141.57500000000002,141.565,1.2,1.2
01.10.2022 00:00:13.212 GMT+0800,141.574,141.56,1.2,1.34
01.10.2022 00:00:14.216 GMT+0800,141.574,141.558,2.17,4.94
01.10.2022 00:00:14.286 GMT+0800,141.573,141.556,1.94,1.34
01.10.2022 00:00:14.388 GMT+0800,141.572,141.56,4.94,1.2
01.10.2022 00:00:14.490 GMT+0800,141.572,141.56,2.03,1.2
01.10.2022 00:00:15.430 GMT+0800,141.572,141.559,2.1,1.2
01.10.2022 00:00:15.531 GMT+0800,141.572,141.559,1.2,1.2
01.10.2022 00:00:15.633 GMT+0800,141.573,141.559,2.24,1.2
01.10.2022 00:00:16.329 GMT+0800,141.573,141.558,1.8,1.8
01.10.2022 00:00:17.069 GMT+0800,141.573,141.558,1.34,2.4
01.10.2022 00:00:17.170 GMT+0800,141.573,141.558,1.34,1.8
01.10.2022 00:00:17.373 GMT+0800,141.573,141.558,1.34,2.4
01.10.2022 00:00:17.424 GMT+0800,141.573,141.558,1.34,2.24
01.10.2022 00:00:17.475 GMT+0800,141.574,141.564,1.2,1.2
01.10.2022 00:00:17.578 GMT+0800,141.578,141.566,2.7,1.2
01.10.2022 00:00:17.731 GMT+0800,141.57500000000002,141.566,1.34,1.2
01.10.2022 00:00:17.782 GMT+0800,141.574,141.56,2.4,1.8
01.10.2022 00:00:17.884 GMT+0800,141.574,141.561,1.2,1.8
01.10.2022 00:00:17.985 GMT+0800,141.57500000000002,141.562,1.34,1.8
01.10.2022 00:00:18.087 GMT+0800,141.57500000000002,141.562,1.2,2.7
01.10.2022 00:00:18.288 GMT+0800,141.576,141.562,1.34,2.7
01.10.2022 00:00:18.715 GMT+0800,141.567,141.562,1.2,1.8
01.10.2022 00:00:18.766 GMT+0800,141.571,141.559,1.5,1.8
01.10.2022 00:00:18.817 GMT+0800,141.57,141.558,1.5,1.2
01.10.2022 00:00:18.869 GMT+0800,141.573,141.562,2.24,1.2
01.10.2022 00:00:18.920 GMT+0800,141.574,141.564,2.24,1.2
01.10.2022 00:00:19.023 GMT+0800,141.574,141.564,2.1,1.2
01.10.2022 00:00:19.074 GMT+0800,141.574,141.562,3.3,1.2
01.10.2022 00:00:19.648 GMT+0800,141.573,141.561,1.2,1.2
01.10.2022 00:00:20.418 GMT+0800,141.574,141.561,2.47,1.2
01.10.2022 00:00:20.621 GMT+0800,141.574,141.561,2.17,1.2
01.10.2022 00:00:21.169 GMT+0800,141.574,141.561,2.24,1.2
01.10.2022 00:00:21.220 GMT+0800,141.574,141.55700000000002,3.14,2.7
01.10.2022 00:00:21.327 GMT+0800,141.574,141.55700000000002,3.07,2.7
01.10.2022 00:00:21.378 GMT+0800,141.574,141.559,1.2,2.24
01.10.2022 00:00:21.430 GMT+0800,141.576,141.56,1.2,1.34
01.10.2022 00:00:21.481 GMT+0800,141.577,141.563,3.07,1.8
01.10.2022 00:00:21.583 GMT+0800,141.579,141.564,1.5,1.8
01.10.2022 00:00:21.685 GMT+0800,141.58,141.563,1.2,1.8
01.10.2022 00:00:21.787 GMT+0800,141.579,141.564,1.2,1.2
01.10.2022 00:00:21.838 GMT+0800,141.578,141.561,1.5,1.2
01.10.2022 00:00:22.470 GMT+0800,141.577,141.564,1.2,1.2
01.10.2022 00:00:22.673 GMT+0800,141.578,141.564,2.24,1.2
01.10.2022 00:00:23.029 GMT+0800,141.579,141.564,2.47,1.2
01.10.2022 00:00:23.133 GMT+0800,141.579,141.565,2.47,1.2
01.10.2022 00:00:23.821 GMT+0800,141.579,141.563,2.93,1.34
01.10.2022 00:00:23.973 GMT+0800,141.579,141.563,3.07,1.2
01.10.2022 00:00:24.381 GMT+0800,141.578,141.565,1.8,1.2
01.10.2022 00:00:24.432 GMT+0800,141.579,141.565,1.2,2.7
01.10.2022 00:00:24.584 GMT+0800,141.58,141.567,2.4,1.2
01.10.2022 00:00:24.695 GMT+0800,141.58,141.565,2.4,1.8
01.10.2022 00:00:25.055 GMT+0800,141.58,141.567,2.4,1.2
01.10.2022 00:00:25.208 GMT+0800,141.58,141.569,1.8,1.2
01.10.2022 00:00:25.411 GMT+0800,141.58,141.567,2.84,1.2
01.10.2022 00:00:25.513 GMT+0800,141.58,141.56799999999998,2.84,1.2
01.10.2022 00:00:25.973 GMT+0800,141.58,141.567,2.4,1.2
01.10.2022 00:00:26.024 GMT+0800,141.58,141.565,1.8,1.8
01.10.2022 00:00:26.171 GMT+0800,141.58100000000002,141.565,5.33,1.8
01.10.2022 00:00:26.585 GMT+0800,141.58100000000002,141.56799999999998,5.33,1.2
01.10.2022 00:00:26.838 GMT+0800,141.58100000000002,141.566,5.33,1.2
01.10.2022 00:00:26.890 GMT+0800,141.58100000000002,141.56799999999998,5.33,1.2
01.10.2022 00:00:27.294 GMT+0800,141.58,141.566,2.4,1.2
01.10.2022 00:00:27.446 GMT+0800,141.58,141.565,2.4,1.8
01.10.2022 00:00:27.917 GMT+0800,141.58,141.566,3.3,1.2
01.10.2022 00:00:28.019 GMT+0800,141.579,141.567,1.34,1.2
01.10.2022 00:00:28.811 GMT+0800,141.576,141.565,1.2,1.2
01.10.2022 00:00:28.912 GMT+0800,141.579,141.564,1.2,1.8
01.10.2022 00:00:29.116 GMT+0800,141.578,141.565,1.5,1.2
01.10.2022 00:00:29.167 GMT+0800,141.578,141.563,1.5,1.8
01.10.2022 00:00:29.319 GMT+0800,141.578,141.562,1.5,1.2
01.10.2022 00:00:29.421 GMT+0800,141.578,141.564,1.5,1.2
01.10.2022 00:00:29.472 GMT+0800,141.578,141.562,1.5,1.2
01.10.2022 00:00:29.574 GMT+0800,141.573,141.56,2.84,2.7
01.10.2022 00:00:29.898 GMT+0800,141.573,141.55700000000002,3.97,2.7
01.10.2022 00:00:30.513 GMT+0800,141.571,141.55700000000002,2.24,1.2
01.10.2022 00:00:30.565 GMT+0800,141.571,141.554,2.24,2.24
01.10.2022 00:00:30.666 GMT+0800,141.571,141.556,1.2,1.2
01.10.2022 00:00:31.103 GMT+0800,141.571,141.554,2.24,3.14
01.10.2022 00:00:31.205 GMT+0800,141.569,141.554,1.2,1.8
01.10.2022 00:00:31.459 GMT+0800,141.569,141.554,1.2,1.2
01.10.2022 00:00:32.458 GMT+0800,141.57,141.55200000000002,1.34,2.24
01.10.2022 00:00:32.661 GMT+0800,141.569,141.553,1.5,1.8
01.10.2022 00:00:32.988 GMT+0800,141.569,141.55200000000002,2.54,2.7
01.10.2022 00:00:33.309 GMT+0800,141.569,141.555,1.8,1.2
01.10.2022 00:00:33.411 GMT+0800,141.569,141.553,2.24,1.8
01.10.2022 00:00:33.513 GMT+0800,141.571,141.55700000000002,2.7,1.8
01.10.2022 00:00:33.564 GMT+0800,141.571,141.55700000000002,1.2,1.8
01.10.2022 00:00:33.716 GMT+0800,141.573,141.55700000000002,3.14,1.8
01.10.2022 00:00:33.907 GMT+0800,141.574,141.559,2.84,1.2
01.10.2022 00:00:34.009 GMT+0800,141.574,141.559,1.8,1.2
01.10.2022 00:00:34.365 GMT+0800,141.574,141.56,1.8,1.2
01.10.2022 00:00:34.469 GMT+0800,141.574,141.561,1.2,1.2
01.10.2022 00:00:34.521 GMT+0800,141.576,141.561,2.03,2.7
01.10.2022 00:00:34.623 GMT+0800,141.57500000000002,141.56,2.1,1.2
01.10.2022 00:00:34.724 GMT+0800,141.57500000000002,141.559,3.6,1.2
01.10.2022 00:00:34.826 GMT+0800,141.57500000000002,141.56,2.4,1.2
01.10.2022 00:00:35.194 GMT+0800,141.573,141.558,5.1,1.2
01.10.2022 00:00:35.296 GMT+0800,141.571,141.55700000000002,1.5,1.2
01.10.2022 00:00:35.397 GMT+0800,141.57,141.554,1.5,3.6
01.10.2022 00:00:35.499 GMT+0800,141.571,141.553,1.64,2.7
01.10.2022 00:00:35.550 GMT+0800,141.57,141.556,1.5,1.2
01.10.2022 00:00:35.652 GMT+0800,141.57,141.558,1.2,1.2
01.10.2022 00:00:35.804 GMT+0800,141.569,141.55700000000002,1.2,1.2
01.10.2022 00:00:35.855 GMT+0800,141.567,141.553,1.8,1.2
01.10.2022 00:00:35.907 GMT+0800,141.566,141.555,1.5,1.2
01.10.2022 00:00:36.060 GMT+0800,141.566,141.556,1.5,1.2
01.10.2022 00:00:36.161 GMT+0800,141.567,141.555,2.1,1.2
01.10.2022 00:00:37.027 GMT+0800,141.567,141.554,1.64,1.2
01.10.2022 00:00:38.612 GMT+0800,141.567,141.558,1.64,1.2
01.10.2022 00:00:38.664 GMT+0800,141.571,141.56,1.2,1.2
01.10.2022 00:00:38.715 GMT+0800,141.572,141.558,2.58,1.2
01.10.2022 00:00:38.766 GMT+0800,141.573,141.558,3.83,1.2
01.10.2022 00:00:38.918 GMT+0800,141.573,141.55700000000002,3.9,1.8
01.10.2022 00:00:39.020 GMT+0800,141.573,141.561,1.2,1.2
01.10.2022 00:00:39.071 GMT+0800,141.576,141.562,1.5,1.2
01.10.2022 00:00:39.274 GMT+0800,141.576,141.561,1.5,1.2
01.10.2022 00:00:39.730 GMT+0800,141.576,141.562,1.2,1.2
01.10.2022 00:00:39.882 GMT+0800,141.576,141.563,1.2,1.2
01.10.2022 00:00:40.250 GMT+0800,141.578,141.561,3.97,4.94
01.10.2022 00:00:40.351 GMT+0800,141.578,141.562,3.97,1.2
01.10.2022 00:00:40.453 GMT+0800,141.579,141.562,3.97,1.8
01.10.2022 00:00:41.397 GMT+0800,141.576,141.562,1.5,2.7
01.10.2022 00:00:41.651 GMT+0800,141.576,141.562,2.24,1.2
01.10.2022 00:00:41.803 GMT+0800,141.576,141.56,2.1,1.34
01.10.2022 00:00:41.905 GMT+0800,141.574,141.559,1.5,1.2
01.10.2022 00:00:42.057 GMT+0800,141.574,141.558,1.5,1.8
01.10.2022 00:00:42.109 GMT+0800,141.574,141.56,1.5,1.2
01.10.2022 00:00:42.212 GMT+0800,141.576,141.558,2.1,1.2
01.10.2022 00:00:42.313 GMT+0800,141.57500000000002,141.56,2.1,1.8
01.10.2022 00:00:43.206 GMT+0800,141.574,141.558,1.5,1.2
01.10.2022 00:00:43.485 GMT+0800,141.57500000000002,141.56,1.8,1.34
01.10.2022 00:00:43.865 GMT+0800,141.574,141.559,1.5,3.14
01.10.2022 00:00:43.967 GMT+0800,141.576,141.558,8.1,3.3
01.10.2022 00:00:44.321 GMT+0800,141.57500000000002,141.558,1.5,2.24
01.10.2022 00:00:44.575 GMT+0800,141.576,141.558,8.1,3.3
01.10.2022 00:00:44.677 GMT+0800,141.576,141.55700000000002,1.5,3.14
01.10.2022 00:00:44.778 GMT+0800,141.574,141.558,1.5,1.8
01.10.2022 00:00:44.880 GMT+0800,141.574,141.55700000000002,2.1,3.14
01.10.2022 00:00:44.982 GMT+0800,141.574,141.55700000000002,1.64,3.3
01.10.2022 00:00:45.084 GMT+0800,141.57500000000002,141.556,3,2.24
01.10.2022 00:00:45.388 GMT+0800,141.574,141.55700000000002,1.8,3.14
01.10.2022 00:00:45.439 GMT+0800,141.57,141.558,1.8,1.34
01.10.2022 00:00:45.543 GMT+0800,141.569,141.554,3.53,1.2
01.10.2022 00:00:45.696 GMT+0800,141.57,141.555,3.3,1.2
01.10.2022 00:00:46.122 GMT+0800,141.569,141.554,2.17,2.7
01.10.2022 00:00:46.581 GMT+0800,141.569,141.554,3.07,1.2
01.10.2022 00:00:47.348 GMT+0800,141.569,141.554,3.07,1.2
01.10.2022 00:00:47.486 GMT+0800,141.569,141.554,4.5,1.8
01.10.2022 00:00:47.537 GMT+0800,141.567,141.554,1.64,1.2
01.10.2022 00:00:47.740 GMT+0800,141.56799999999998,141.554,5.24,1.2
01.10.2022 00:00:48.650 GMT+0800,141.56799999999998,141.554,2.7,1.8
01.10.2022 00:00:48.701 GMT+0800,141.56799999999998,141.554,3.9,1.2
01.10.2022 00:00:48.752 GMT+0800,141.569,141.554,2.54,1.2
01.10.2022 00:00:48.854 GMT+0800,141.569,141.555,1.2,1.2
01.10.2022 00:00:48.956 GMT+0800,141.564,141.555,1.2,1.2
01.10.2022 00:00:49.007 GMT+0800,141.561,141.55100000000002,1.2,1.2
01.10.2022 00:00:49.109 GMT+0800,141.562,141.549,1.8,1.2
01.10.2022 00:00:49.160 GMT+0800,141.562,141.54600000000002,2.63,2.7
01.10.2022 00:00:49.262 GMT+0800,141.563,141.547,1.8,1.2
01.10.2022 00:00:49.516 GMT+0800,141.563,141.54600000000002,2.1,1.2
01.10.2022 00:00:49.618 GMT+0800,141.563,141.54500000000002,5.4,3.14
01.10.2022 00:00:49.857 GMT+0800,141.563,141.544,2.7,1.2
01.10.2022 00:00:49.959 GMT+0800,141.563,141.543,4.5,2.24
01.10.2022 00:00:50.111 GMT+0800,141.562,141.54500000000002,6.3,1.2
01.10.2022 00:00:50.417 GMT+0800,141.563,141.543,7.2,3.14
01.10.2022 00:00:50.519 GMT+0800,141.559,141.542,2.7,1.2
01.10.2022 00:00:50.621 GMT+0800,141.559,141.543,2.7,1.2
01.10.2022 00:00:51.109 GMT+0800,141.558,141.543,1.34,1.2
01.10.2022 00:00:51.210 GMT+0800,141.559,141.543,3.83,1.8
01.10.2022 00:00:51.699 GMT+0800,141.559,141.544,4.73,1.2
01.10.2022 00:00:51.801 GMT+0800,141.558,141.542,1.2,3.14
01.10.2022 00:00:52.156 GMT+0800,141.558,141.542,3,1.2
01.10.2022 00:00:52.210 GMT+0800,141.558,141.544,2.1,1.2
01.10.2022 00:00:52.784 GMT+0800,141.558,141.542,2.1,1.2
01.10.2022 00:00:53.191 GMT+0800,141.558,141.541,3.9,1.34
01.10.2022 00:00:53.353 GMT+0800,141.556,141.541,2.54,1.2
01.10.2022 00:00:53.455 GMT+0800,141.55700000000002,141.54,4.5,1.8
01.10.2022 00:00:53.557 GMT+0800,141.549,141.537,1.2,4.98
01.10.2022 00:00:53.608 GMT+0800,141.547,141.535,1.2,1.2
01.10.2022 00:00:53.660 GMT+0800,141.547,141.532,1.2,2.1
01.10.2022 00:00:53.764 GMT+0800,141.549,141.534,5.24,1.2
01.10.2022 00:00:53.815 GMT+0800,141.547,141.532,1.34,1.2
01.10.2022 00:00:53.916 GMT+0800,141.549,141.533,6,1.2
01.10.2022 00:00:54.018 GMT+0800,141.547,141.531,4.43,2.24
01.10.2022 00:00:54.316 GMT+0800,141.549,141.532,6.3,1.2
01.10.2022 00:00:54.517 GMT+0800,141.549,141.532,6.3,1.2
01.10.2022 00:00:54.705 GMT+0800,141.55,141.53,6.3,4.94
01.10.2022 00:00:54.809 GMT+0800,141.549,141.531,6.3,4.64
01.10.2022 00:00:54.911 GMT+0800,141.547,141.531,1.8,3.74
01.10.2022 00:00:54.962 GMT+0800,141.54500000000002,141.531,2.1,1.34
01.10.2022 00:00:55.014 GMT+0800,141.544,141.529,1.8,1.2
01.10.2022 00:00:55.115 GMT+0800,141.544,141.53,2.03,1.2
01.10.2022 00:00:55.217 GMT+0800,141.544,141.529,2.03,1.2
01.10.2022 00:00:55.365 GMT+0800,141.54600000000002,141.532,2.63,1.2
01.10.2022 00:00:55.466 GMT+0800,141.547,141.531,3.14,1.8
01.10.2022 00:00:55.568 GMT+0800,141.547,141.531,3.14,1.8
01.10.2022 00:00:55.727 GMT+0800,141.54600000000002,141.529,6.3,1.8
01.10.2022 00:00:55.828 GMT+0800,141.54500000000002,141.528,2.1,5.1
01.10.2022 00:00:55.981 GMT+0800,141.542,141.52700000000002,1.2,2.7
01.10.2022 00:00:56.082 GMT+0800,141.539,141.524,1.8,1.8
01.10.2022 00:00:56.185 GMT+0800,141.539,141.526,2.4,1.2
01.10.2022 00:00:56.236 GMT+0800,141.537,141.52200000000002,1.8,3.14
01.10.2022 00:00:56.338 GMT+0800,141.537,141.52200000000002,1.8,4.04
01.10.2022 00:00:56.439 GMT+0800,141.537,141.52200000000002,1.8,4.04
01.10.2022 00:00:56.541 GMT+0800,141.537,141.525,1.34,1.2
01.10.2022 00:00:56.643 GMT+0800,141.536,141.52200000000002,1.57,1.2
01.10.2022 00:00:56.745 GMT+0800,141.536,141.52100000000002,2.1,1.2
01.10.2022 00:00:56.951 GMT+0800,141.537,141.52200000000002,2.7,1.2
01.10.2022 00:00:57.053 GMT+0800,141.537,141.52200000000002,1.64,1.2
01.10.2022 00:00:57.155 GMT+0800,141.537,141.52200000000002,1.34,1.8
01.10.2022 00:00:57.257 GMT+0800,141.53799999999998,141.52100000000002,2.4,1.2
01.10.2022 00:00:57.941 GMT+0800,141.535,141.52200000000002,1.2,1.2
01.10.2022 00:00:58.043 GMT+0800,141.536,141.525,1.34,1.2
01.10.2022 00:00:58.196 GMT+0800,141.535,141.525,1.8,1.2
01.10.2022 00:00:58.247 GMT+0800,141.535,141.523,1.8,1.2
01.10.2022 00:00:58.399 GMT+0800,141.536,141.523,4.5,1.2
01.10.2022 00:00:58.450 GMT+0800,141.535,141.52,2.1,2.7
01.10.2022 00:00:58.552 GMT+0800,141.533,141.518,2.7,1.2
01.10.2022 00:00:58.654 GMT+0800,141.534,141.518,1.64,1.2
01.10.2022 00:00:58.756 GMT+0800,141.536,141.528,1.8,1.2
01.10.2022 00:00:58.807 GMT+0800,141.536,141.525,1.2,1.2
01.10.2022 00:00:58.908 GMT+0800,141.536,141.52200000000002,1.5,1.8
01.10.2022 00:00:59.491 GMT+0800,141.536,141.519,1.57,1.2
01.10.2022 00:00:59.703 GMT+0800,141.536,141.525,2.7,1.2
01.10.2022 00:00:59.804 GMT+0800,141.536,141.52200000000002,2.7,1.2
01.10.2022 00:01:00.157 GMT+0800,141.536,141.52200000000002,1.8,1.2
01.10.2022 00:01:00.259 GMT+0800,141.536,141.525,1.8,1.2
01.10.2022 00:01:00.462 GMT+0800,141.537,141.523,1.8,1.2
01.10.2022 00:01:00.657 GMT+0800,141.537,141.526,1.2,1.2
01.10.2022 00:01:00.709 GMT+0800,141.54,141.529,1.7,1.2
01.10.2022 00:01:00.811 GMT+0800,141.54,141.52700000000002,2.7,1.2
01.10.2022 00:01:01.088 GMT+0800,141.54,141.525,3.6,1.2
01.10.2022 00:01:01.240 GMT+0800,141.535,141.525,1.2,1.8
01.10.2022 00:01:01.342 GMT+0800,141.536,141.525,2.1,1.2
01.10.2022 00:01:01.393 GMT+0800,141.535,141.52100000000002,1.64,1.2
01.10.2022 00:01:01.445 GMT+0800,141.536,141.52100000000002,1.5,1.8
01.10.2022 00:01:01.496 GMT+0800,141.537,141.526,1.2,1.2
01.10.2022 00:01:01.597 GMT+0800,141.53799999999998,141.52200000000002,1.34,1.2
01.10.2022 00:01:02.109 GMT+0800,141.536,141.523,2.1,1.2
01.10.2022 00:01:02.211 GMT+0800,141.536,141.52100000000002,2.7,1.2
01.10.2022 00:01:02.313 GMT+0800,141.536,141.519,4.5,1.8
01.10.2022 00:01:02.414 GMT+0800,141.536,141.52,4.5,1.8
01.10.2022 00:01:02.617 GMT+0800,141.536,141.52200000000002,3.6,1.2
01.10.2022 00:01:02.820 GMT+0800,141.533,141.51700000000002,3.14,1.85
01.10.2022 00:01:02.922 GMT+0800,141.533,141.51700000000002,3.9,3.65
01.10.2022 00:01:03.635 GMT+0800,141.533,141.51700000000002,2.24,1.85
01.10.2022 00:01:04.698 GMT+0800,141.533,141.51700000000002,1.8,2.75
01.10.2022 00:01:04.800 GMT+0800,141.533,141.518,1.2,1.2
01.10.2022 00:01:04.902 GMT+0800,141.533,141.518,2.4,1.2
01.10.2022 00:01:05.003 GMT+0800,141.532,141.51700000000002,2.4,1.85
01.10.2022 00:01:05.105 GMT+0800,141.532,141.51700000000002,3.6,1.26
01.10.2022 00:01:05.156 GMT+0800,141.533,141.518,3.44,1.2
01.10.2022 00:01:05.258 GMT+0800,141.533,141.51700000000002,3.6,3.65
01.10.2022 00:01:05.360 GMT+0800,141.533,141.52100000000002,2.7,1.2
01.10.2022 00:01:05.411 GMT+0800,141.534,141.52,1.57,1.2
01.10.2022 00:01:06.117 GMT+0800,141.534,141.524,1.2,1.2
01.10.2022 00:01:06.168 GMT+0800,141.53799999999998,141.524,2.84,1.2
01.10.2022 00:01:06.219 GMT+0800,141.537,141.526,1.2,1.2
01.10.2022 00:01:06.321 GMT+0800,141.542,141.529,2.03,1.2
01.10.2022 00:01:06.423 GMT+0800,141.543,141.53,1.8,1.2
01.10.2022 00:01:06.626 GMT+0800,141.544,141.533,1.8,1.2
01.10.2022 00:01:07.082 GMT+0800,141.544,141.535,1.2,1.2
01.10.2022 00:01:07.184 GMT+0800,141.54500000000002,141.535,1.34,1.2
01.10.2022 00:01:07.286 GMT+0800,141.54500000000002,141.535,1.8,1.2
01.10.2022 00:01:07.388 GMT+0800,141.54500000000002,141.534,1.8,1.2
01.10.2022 00:01:08.056 GMT+0800,141.54600000000002,141.539,1.2,1.2
01.10.2022 00:01:08.108 GMT+0800,141.549,141.535,3.78,1.8
01.10.2022 00:01:08.209 GMT+0800,141.55100000000002,141.536,1.5,2.7
01.10.2022 00:01:08.311 GMT+0800,141.55100000000002,141.536,1.5,2.7
01.10.2022 00:01:08.623 GMT+0800,141.553,141.535,2.1,1.8
01.10.2022 00:01:08.857 GMT+0800,141.549,141.534,2.47,2.24
01.10.2022 00:01:08.909 GMT+0800,141.549,141.534,2.1,1.2
01.10.2022 00:01:09.011 GMT+0800,141.548,141.533,2.1,1.2
01.10.2022 00:01:09.163 GMT+0800,141.548,141.533,2.1,1.8
01.10.2022 00:01:09.214 GMT+0800,141.548,141.533,2.1,1.8
01.10.2022 00:01:09.316 GMT+0800,141.549,141.532,2.1,1.2
01.10.2022 00:01:09.418 GMT+0800,141.549,141.53799999999998,2.1,1.2
01.10.2022 00:01:09.671 GMT+0800,141.55,141.53799999999998,2.7,1.2
01.10.2022 00:01:09.823 GMT+0800,141.549,141.53799999999998,1.5,1.2
01.10.2022 00:01:10.184 GMT+0800,141.548,141.53799999999998,1.2,1.2
01.10.2022 00:01:10.285 GMT+0800,141.548,141.539,1.2,1.2
01.10.2022 00:01:10.542 GMT+0800,141.548,141.53799999999998,1.2,1.2
01.10.2022 00:01:10.747 GMT+0800,141.548,141.537,1.2,1.2
01.10.2022 00:01:10.842 GMT+0800,141.548,141.535,1.2,1.8
01.10.2022 00:01:10.944 GMT+0800,141.548,141.536,1.2,1.2
01.10.2022 00:01:12.167 GMT+0800,141.548,141.535,1.2,1.8
01.10.2022 00:01:12.811 GMT+0800,141.549,141.535,2.1,1.8
01.10.2022 00:01:13.022 GMT+0800,141.54500000000002,141.535,1.2,1.2
01.10.2022 00:01:13.073 GMT+0800,141.53799999999998,141.535,1.2,1.2
01.10.2022 00:01:13.124 GMT+0800,141.53799999999998,141.529,1.2,1.2
01.10.2022 00:01:13.175 GMT+0800,141.53799999999998,141.525,1.8,2.42
01.10.2022 00:01:13.226 GMT+0800,141.53799999999998,141.523,1.8,3.14
01.10.2022 00:01:13.328 GMT+0800,141.537,141.523,1.5,1.2
01.10.2022 00:01:13.379 GMT+0800,141.534,141.52200000000002,1.2,1.2
01.10.2022 00:01:13.548 GMT+0800,141.535,141.52200000000002,1.2,1.2
01.10.2022 00:01:13.666 GMT+0800,141.537,141.52200000000002,3.53,1.8
01.10.2022 00:01:13.717 GMT+0800,141.537,141.524,2.1,1.2
01.10.2022 00:01:14.080 GMT+0800,141.53799999999998,141.524,2.7,1.2
01.10.2022 00:01:14.276 GMT+0800,141.53799999999998,141.523,2.7,1.8
01.10.2022 00:01:14.378 GMT+0800,141.536,141.52200000000002,2.1,1.2
01.10.2022 00:01:14.479 GMT+0800,141.536,141.52100000000002,2.1,1.8
01.10.2022 00:01:14.688 GMT+0800,141.536,141.523,2.1,1.2
01.10.2022 00:01:14.895 GMT+0800,141.536,141.52100000000002,2.1,2.7
01.10.2022 00:01:14.997 GMT+0800,141.536,141.523,2.1,1.2
01.10.2022 00:01:15.251 GMT+0800,141.536,141.525,1.8,1.2
01.10.2022 00:01:15.353 GMT+0800,141.53799999999998,141.529,1.2,1.2
01.10.2022 00:01:15.505 GMT+0800,141.539,141.52700000000002,2.63,1.2
01.10.2022 00:01:15.607 GMT+0800,141.539,141.523,2.63,1.8
01.10.2022 00:01:15.709 GMT+0800,141.537,141.523,2.1,1.2
01.10.2022 00:01:15.811 GMT+0800,141.535,141.52,2.1,2.7
01.10.2022 00:01:15.913 GMT+0800,141.536,141.52,3.6,3.6
01.10.2022 00:01:16.015 GMT+0800,141.536,141.52,2.84,3.14
01.10.2022 00:01:16.066 GMT+0800,141.535,141.52,1.8,3.6
01.10.2022 00:01:16.129 GMT+0800,141.537,141.52,1.8,3.6
01.10.2022 00:01:16.230 GMT+0800,141.536,141.525,1.2,1.2
01.10.2022 00:01:16.281 GMT+0800,141.536,141.52200000000002,1.8,1.2
01.10.2022 00:01:16.484 GMT+0800,141.537,141.52,2.1,1.8
01.10.2022 00:01:16.586 GMT+0800,141.536,141.523,2.7,1.2
01.10.2022 00:01:16.688 GMT+0800,141.536,141.52200000000002,1.8,2.24
01.10.2022 00:01:17.199 GMT+0800,141.536,141.524,1.8,1.8
01.10.2022 00:01:17.537 GMT+0800,141.537,141.52100000000002,2.63,1.2
01.10.2022 00:01:17.639 GMT+0800,141.537,141.524,2.63,1.2
01.10.2022 00:01:18.752 GMT+0800,141.536,141.523,1.8,1.2
01.10.2022 00:01:18.907 GMT+0800,141.536,141.52200000000002,1.8,1.2
01.10.2022 00:01:19.341 GMT+0800,141.53799999999998,141.52700000000002,2.7,1.2
01.10.2022 00:01:19.443 GMT+0800,141.53799999999998,141.525,2.7,1.2
01.10.2022 00:01:19.602 GMT+0800,141.53799999999998,141.525,2.7,1.2
01.10.2022 00:01:19.704 GMT+0800,141.53799999999998,141.524,2.7,1.2
01.10.2022 00:01:19.755 GMT+0800,141.53799999999998,141.52200000000002,2.7,1.8
01.10.2022 00:01:19.821 GMT+0800,141.53799999999998,141.524,2.7,1.2
01.10.2022 00:01:20.148 GMT+0800,141.53799999999998,141.524,1.5,1.2
01.10.2022 00:01:20.249 GMT+0800,141.53799999999998,141.524,1.2,1.2
01.10.2022 00:01:20.407 GMT+0800,141.539,141.524,1.2,1.2
01.10.2022 00:01:20.559 GMT+0800,141.539,141.528,1.2,1.2
01.10.2022 00:01:20.857 GMT+0800,141.54,141.528,2.03,1.8
01.10.2022 00:01:20.959 GMT+0800,141.54500000000002,141.533,1.34,1.2
01.10.2022 00:01:21.061 GMT+0800,141.547,141.531,1.64,1.2
01.10.2022 00:01:21.185 GMT+0800,141.547,141.532,1.64,1.2
01.10.2022 00:01:21.735 GMT+0800,141.547,141.537,1.5,1.2
01.10.2022 00:01:21.837 GMT+0800,141.553,141.541,2.03,2.7
01.10.2022 00:01:21.888 GMT+0800,141.555,141.544,1.5,1.8
01.10.2022 00:01:21.990 GMT+0800,141.561,141.543,3.6,1.8
01.10.2022 00:01:22.092 GMT+0800,141.56,141.542,1.5,1.8
01.10.2022 00:01:22.194 GMT+0800,141.559,141.544,2.1,1.2
01.10.2022 00:01:22.245 GMT+0800,141.559,141.544,2.7,1.2
01.10.2022 00:01:22.347 GMT+0800,141.559,141.543,2.7,1.2
01.10.2022 00:01:22.531 GMT+0800,141.56,141.541,2.7,1.2
01.10.2022 00:01:22.582 GMT+0800,141.556,141.542,2.7,1.2
01.10.2022 00:01:22.684 GMT+0800,141.556,141.539,2.7,1.8
01.10.2022 00:01:22.811 GMT+0800,141.554,141.539,2.1,1.8
01.10.2022 00:01:23.117 GMT+0800,141.55200000000002,141.539,1.2,1.2
01.10.2022 00:01:23.168 GMT+0800,141.554,141.539,3.6,1.2
01.10.2022 00:01:23.269 GMT+0800,141.555,141.53799999999998,3,1.2
01.10.2022 00:01:23.943 GMT+0800,141.555,141.539,1.5,1.2
01.10.2022 00:01:23.994 GMT+0800,141.554,141.543,1.5,1.2
01.10.2022 00:01:24.556 GMT+0800,141.554,141.543,1.2,1.2
01.10.2022 00:01:25.325 GMT+0800,141.556,141.542,1.57,1.8
01.10.2022 00:01:25.629 GMT+0800,141.555,141.543,2.1,1.2
01.10.2022 00:01:25.942 GMT+0800,141.554,141.543,2.1,1.2
01.10.2022 00:01:26.044 GMT+0800,141.554,141.541,2.7,1.2
01.10.2022 00:01:26.145 GMT+0800,141.554,141.539,2.7,1.2
01.10.2022 00:01:26.652 GMT+0800,141.55100000000002,141.539,1.2,1.2
01.10.2022 00:01:26.817 GMT+0800,141.547,141.539,1.2,1.2
01.10.2022 00:01:26.919 GMT+0800,141.54500000000002,141.533,1.2,1.8
01.10.2022 00:01:27.021 GMT+0800,141.54500000000002,141.531,2.4,1.2
01.10.2022 00:01:27.073 GMT+0800,141.544,141.531,1.8,1.2
01.10.2022 00:01:27.327 GMT+0800,141.544,141.532,3.3,1.2
01.10.2022 00:01:27.379 GMT+0800,141.544,141.532,2.7,1.2
01.10.2022 00:01:27.481 GMT+0800,141.54500000000002,141.532,2.24,1.2
01.10.2022 00:01:28.040 GMT+0800,141.544,141.531,1.34,1.2
01.10.2022 00:01:28.141 GMT+0800,141.544,141.531,1.8,1.2
01.10.2022 00:01:28.879 GMT+0800,141.544,141.531,1.34,1.2
01.10.2022 00:01:29.857 GMT+0800,141.54500000000002,141.531,1.34,1.2
01.10.2022 00:01:29.960 GMT+0800,141.54500000000002,141.531,2.4,1.2
01.10.2022 00:01:30.066 GMT+0800,141.54500000000002,141.531,2.4,1.2
01.10.2022 00:01:30.168 GMT+0800,141.54500000000002,141.53,2.4,1.2
01.10.2022 00:01:30.380 GMT+0800,141.544,141.531,2.4,1.2
01.10.2022 00:01:30.481 GMT+0800,141.544,141.531,1.2,1.2
01.10.2022 00:01:30.703 GMT+0800,141.544,141.531,1.8,1.2
01.10.2022 00:01:30.937 GMT+0800,141.541,141.528,1.2,1.2
01.10.2022 00:01:30.988 GMT+0800,141.541,141.525,2.24,2.7
01.10.2022 00:01:31.039 GMT+0800,141.541,141.525,3.3,1.2
01.10.2022 00:01:31.141 GMT+0800,141.542,141.524,3.3,1.2
01.10.2022 00:01:31.693 GMT+0800,141.541,141.525,3.3,1.8
01.10.2022 00:01:31.983 GMT+0800,141.53799999999998,141.524,1.34,1.8
01.10.2022 00:01:32.085 GMT+0800,141.539,141.526,1.8,1.8
01.10.2022 00:01:32.136 GMT+0800,141.54,141.52700000000002,1.2,1.8
01.10.2022 00:01:32.259 GMT+0800,141.542,141.528,2.4,1.2
01.10.2022 00:01:32.360 GMT+0800,141.542,141.528,1.8,1.2
01.10.2022 00:01:32.698 GMT+0800,141.543,141.526,2.24,2.7
01.10.2022 00:01:33.146 GMT+0800,141.543,141.531,1.34,1.2
01.10.2022 00:01:33.248 GMT+0800,141.544,141.531,1.34,1.8
01.10.2022 00:01:33.420 GMT+0800,141.544,141.531,1.8,1.8
01.10.2022 00:01:33.908 GMT+0800,141.543,141.531,1.8,1.2
01.10.2022 00:01:34.009 GMT+0800,141.543,141.531,1.34,1.2
01.10.2022 00:01:34.111 GMT+0800,141.543,141.531,1.8,1.2
01.10.2022 00:01:34.264 GMT+0800,141.544,141.53,1.8,1.2
01.10.2022 00:01:34.366 GMT+0800,141.536,141.531,4.28,1.2
01.10.2022 00:01:34.417 GMT+0800,141.532,141.518,1.8,6.14
01.10.2022 00:01:34.519 GMT+0800,141.533,141.518,2.4,1.8
01.10.2022 00:01:34.849 GMT+0800,141.533,141.519,2.4,1.2
01.10.2022 00:01:34.900 GMT+0800,141.533,141.529,1.2,1.2
01.10.2022 00:01:35.104 GMT+0800,141.53,141.51700000000002,1.2,5.4
01.10.2022 00:01:35.155 GMT+0800,141.526,141.51700000000002,1.8,1.2
01.10.2022 00:01:35.206 GMT+0800,141.525,141.511,1.8,1.5
01.10.2022 00:01:35.358 GMT+0800,141.526,141.511,2.4,1.2
01.10.2022 00:01:35.410 GMT+0800,141.526,141.513,2.4,1.2
01.10.2022 00:01:35.512 GMT+0800,141.529,141.514,1.8,5.4
01.10.2022 00:01:35.613 GMT+0800,141.529,141.514,1.8,1.2
01.10.2022 00:01:35.715 GMT+0800,141.528,141.513,1.34,4.5
01.10.2022 00:01:36.367 GMT+0800,141.528,141.513,1.8,5.4
01.10.2022 00:01:37.006 GMT+0800,141.528,141.513,2.4,1.8
01.10.2022 00:01:37.139 GMT+0800,141.528,141.513,2.4,5.4
01.10.2022 00:01:37.255 GMT+0800,141.528,141.513,2.4,1.2
01.10.2022 00:01:37.357 GMT+0800,141.528,141.513,1.8,7.2
01.10.2022 00:01:37.458 GMT+0800,141.528,141.513,2.4,6.3
01.10.2022 00:01:37.773 GMT+0800,141.52700000000002,141.513,1.8,1.2
01.10.2022 00:01:37.875 GMT+0800,141.52700000000002,141.513,2.4,1.2
01.10.2022 00:01:37.976 GMT+0800,141.52700000000002,141.513,2.4,1.2
01.10.2022 00:01:38.292 GMT+0800,141.52700000000002,141.513,2.4,1.2
01.10.2022 00:01:38.394 GMT+0800,141.526,141.512,1.8,1.2
01.10.2022 00:01:38.567 GMT+0800,141.526,141.512,1.34,1.2
01.10.2022 00:01:38.669 GMT+0800,141.526,141.511,1.8,3.6
01.10.2022 00:01:39.038 GMT+0800,141.52700000000002,141.511,1.34,7.2
01.10.2022 00:01:39.140 GMT+0800,141.528,141.51500000000001,1.8,1.2
01.10.2022 00:01:39.242 GMT+0800,141.528,141.512,1.8,5.4
01.10.2022 00:01:39.343 GMT+0800,141.528,141.513,1.8,1.2
01.10.2022 00:01:39.445 GMT+0800,141.528,141.512,1.8,7.2
01.10.2022 00:01:39.846 GMT+0800,141.529,141.519,1.34,1.2
01.10.2022 00:01:39.901 GMT+0800,141.528,141.51600000000002,1.34,1.2
01.10.2022 00:01:39.952 GMT+0800,141.52700000000002,141.513,1.8,1.8
01.10.2022 00:01:40.104 GMT+0800,141.529,141.513,5.1,1.8
01.10.2022 00:01:40.206 GMT+0800,141.529,141.513,5.1,5.4
01.10.2022 00:01:40.308 GMT+0800,141.529,141.513,3.3,5.4
01.10.2022 00:01:40.466 GMT+0800,141.52700000000002,141.513,1.8,1.8
01.10.2022 00:01:40.619 GMT+0800,141.52700000000002,141.513,1.2,5.4
01.10.2022 00:01:40.720 GMT+0800,141.529,141.512,1.8,1.8
01.10.2022 00:01:40.836 GMT+0800,141.52700000000002,141.513,1.8,5.4
01.10.2022 00:01:41.555 GMT+0800,141.528,141.513,1.34,2.7
01.10.2022 00:01:41.657 GMT+0800,141.526,141.513,1.8,1.2
01.10.2022 00:01:41.708 GMT+0800,141.526,141.513,1.8,1.2
01.10.2022 00:01:41.810 GMT+0800,141.526,141.513,3.6,1.2
01.10.2022 00:01:41.861 GMT+0800,141.526,141.513,2.84,1.2
01.10.2022 00:01:41.963 GMT+0800,141.526,141.513,3.74,1.2
01.10.2022 00:01:42.064 GMT+0800,141.525,141.513,3.3,1.2
01.10.2022 00:01:42.166 GMT+0800,141.524,141.512,4.2,1.8
01.10.2022 00:01:42.369 GMT+0800,141.523,141.512,1.2,1.2
01.10.2022 00:01:42.471 GMT+0800,141.523,141.509,1.2,1.2
01.10.2022 00:01:42.674 GMT+0800,141.525,141.511,3.14,1.2
01.10.2022 00:01:42.775 GMT+0800,141.525,141.512,3.14,1.2
01.10.2022 00:01:42.877 GMT+0800,141.525,141.509,3.14,2.24
01.10.2022 00:01:43.029 GMT+0800,141.523,141.509,1.8,1.2
01.10.2022 00:01:43.131 GMT+0800,141.523,141.507,1.8,2.24
01.10.2022 00:01:43.555 GMT+0800,141.524,141.507,6,3.3
01.10.2022 00:01:43.606 GMT+0800,141.524,141.509,4.94,1.8
01.10.2022 00:01:43.707 GMT+0800,141.524,141.51,4.04,1.2
01.10.2022 00:01:44.169 GMT+0800,141.525,141.511,1.8,1.8
01.10.2022 00:01:44.220 GMT+0800,141.528,141.514,2.7,1.2
01.10.2022 00:01:45.049 GMT+0800,141.529,141.514,5.4,1.34
01.10.2022 00:01:45.985 GMT+0800,141.52700000000002,141.514,1.2,1.2
01.10.2022 00:01:46.087 GMT+0800,141.529,141.514,4.94,1.2
01.10.2022 00:01:46.328 GMT+0800,141.52700000000002,141.514,1.2,1.2
01.10.2022 00:01:46.507 GMT+0800,141.529,141.514,4.94,1.2
01.10.2022 00:01:46.896 GMT+0800,141.52700000000002,141.514,1.34,1.2
01.10.2022 00:01:47.702 GMT+0800,141.528,141.514,2.24,1.2
01.10.2022 00:01:48.469 GMT+0800,141.528,141.513,4.5,1.2
01.10.2022 00:01:48.582 GMT+0800,141.526,141.513,1.2,1.2
01.10.2022 00:01:48.735 GMT+0800,141.52700000000002,141.513,1.2,1.2
01.10.2022 00:01:48.836 GMT+0800,141.528,141.513,3.14,1.2
01.10.2022 00:01:48.938 GMT+0800,141.524,141.513,1.2,1.2
01.10.2022 00:01:49.040 GMT+0800,141.524,141.51500000000001,1.2,1.2
01.10.2022 00:01:49.226 GMT+0800,141.52700000000002,141.52,1.8,1.2
01.10.2022 00:01:49.277 GMT+0800,141.529,141.52,2.4,1.2
01.10.2022 00:01:49.379 GMT+0800,141.529,141.51700000000002,3.3,1.2
01.10.2022 00:01:49.481 GMT+0800,141.529,141.51700000000002,4.5,1.2
01.10.2022 00:01:49.532 GMT+0800,141.529,141.51500000000001,3.3,1.8
01.10.2022 00:01:49.697 GMT+0800,141.529,141.51500000000001,1.8,1.8
01.10.2022 00:01:49.799 GMT+0800,141.529,141.51500000000001,1.8,1.8
01.10.2022 00:01:49.951 GMT+0800,141.531,141.51600000000002,6.9,1.2
01.10.2022 00:01:50.053 GMT+0800,141.529,141.51600000000002,1.34,1.2
01.10.2022 00:01:50.155 GMT+0800,141.529,141.51600000000002,1.8,1.2
01.10.2022 00:01:50.269 GMT+0800,141.529,141.51600000000002,1.8,1.2
01.10.2022 00:01:50.370 GMT+0800,141.53,141.514,1.8,1.2
01.10.2022 00:01:50.562 GMT+0800,141.529,141.51600000000002,3.3,1.2
01.10.2022 00:01:50.764 GMT+0800,141.529,141.51500000000001,3.3,1.2
01.10.2022 00:01:51.037 GMT+0800,141.52700000000002,141.514,1.34,1.2
01.10.2022 00:01:51.138 GMT+0800,141.52700000000002,141.512,1.34,1.34
01.10.2022 00:01:51.240 GMT+0800,141.52700000000002,141.512,2.4,1.94
01.10.2022 00:01:52.546 GMT+0800,141.52700000000002,141.512,2.24,1.94
01.10.2022 00:01:52.737 GMT+0800,141.52700000000002,141.512,2.4,1.94
01.10.2022 00:01:52.839 GMT+0800,141.52700000000002,141.512,1.34,2.4
01.10.2022 00:01:52.890 GMT+0800,141.52700000000002,141.512,1.34,1.8
01.10.2022 00:01:52.992 GMT+0800,141.528,141.512,4.04,2.7
01.10.2022 00:01:53.236 GMT+0800,141.528,141.51700000000002,2.7,1.2
01.10.2022 00:01:53.337 GMT+0800,141.524,141.51700000000002,1.8,1.2
01.10.2022 00:01:53.388 GMT+0800,141.52200000000002,141.512,1.34,1.8
01.10.2022 00:01:53.541 GMT+0800,141.523,141.512,1.34,1.2
01.10.2022 00:01:53.694 GMT+0800,141.525,141.512,1.2,1.2
01.10.2022 00:01:53.795 GMT+0800,141.525,141.512,1.94,1.2
01.10.2022 00:01:53.948 GMT+0800,141.523,141.511,1.8,1.2
01.10.2022 00:01:54.050 GMT+0800,141.52100000000002,141.511,1.8,1.2
01.10.2022 00:01:54.101 GMT+0800,141.52100000000002,141.508,2.4,1.2
01.10.2022 00:01:54.625 GMT+0800,141.52100000000002,141.507,2.4,1.2
01.10.2022 00:01:55.255 GMT+0800,141.52100000000002,141.506,2.4,1.8
01.10.2022 00:01:55.311 GMT+0800,141.52700000000002,141.518,1.2,1.2
01.10.2022 00:01:55.365 GMT+0800,141.529,141.518,1.2,1.8
01.10.2022 00:01:55.417 GMT+0800,141.531,141.519,1.2,1.2
01.10.2022 00:01:55.569 GMT+0800,141.535,141.52200000000002,2.1,1.2
01.10.2022 00:01:55.671 GMT+0800,141.537,141.528,1.5,1.8
01.10.2022 00:01:55.773 GMT+0800,141.539,141.533,1.5,1.8
01.10.2022 00:01:55.824 GMT+0800,141.54500000000002,141.539,1.2,1.2
01.10.2022 00:01:55.926 GMT+0800,141.542,141.537,1.5,1.2
01.10.2022 00:01:55.978 GMT+0800,141.55,141.537,2.1,1.2
01.10.2022 00:01:56.029 GMT+0800,141.55200000000002,141.536,1.2,1.2
01.10.2022 00:01:56.130 GMT+0800,141.55100000000002,141.535,1.2,2.4
01.10.2022 00:01:56.538 GMT+0800,141.54600000000002,141.536,1.2,1.2
01.10.2022 00:01:56.640 GMT+0800,141.549,141.533,2.84,1.2
01.10.2022 00:01:56.691 GMT+0800,141.548,141.532,2.7,1.8
01.10.2022 00:01:56.743 GMT+0800,141.548,141.535,1.2,1.2
01.10.2022 00:01:56.946 GMT+0800,141.548,141.534,1.8,1.2
01.10.2022 00:01:56.997 GMT+0800,141.548,141.532,1.8,1.2
01.10.2022 00:01:57.099 GMT+0800,141.548,141.531,1.8,1.2
01.10.2022 00:01:57.150 GMT+0800,141.54600000000002,141.53,1.2,2.88
01.10.2022 00:01:57.201 GMT+0800,141.547,141.531,2.24,1.34
01.10.2022 00:01:57.303 GMT+0800,141.547,141.533,2.4,1.2
01.10.2022 00:01:57.404 GMT+0800,141.547,141.53,1.8,1.2
01.10.2022 00:01:57.652 GMT+0800,141.547,141.53,1.8,1.2
01.10.2022 00:01:57.754 GMT+0800,141.547,141.529,1.8,1.8
01.10.2022 00:01:57.856 GMT+0800,141.541,141.52700000000002,1.2,2.7
01.10.2022 00:01:57.907 GMT+0800,141.54600000000002,141.528,2.54,1.8
01.10.2022 00:01:57.958 GMT+0800,141.543,141.531,1.2,1.2
01.10.2022 00:01:58.212 GMT+0800,141.544,141.529,2.4,1.2
01.10.2022 00:01:58.415 GMT+0800,141.544,141.526,2.4,4.5
01.10.2022 00:01:58.712 GMT+0800,141.544,141.528,2.4,1.2
01.10.2022 00:01:58.814 GMT+0800,141.542,141.524,2.24,1.34
01.10.2022 00:01:58.916 GMT+0800,141.539,141.52100000000002,2.4,2.4
01.10.2022 00:01:59.017 GMT+0800,141.539,141.523,2.4,1.2
01.10.2022 00:01:59.271 GMT+0800,141.539,141.532,1.8,1.2
01.10.2022 00:01:59.373 GMT+0800,141.544,141.534,1.2,1.2
01.10.2022 00:01:59.458 GMT+0800,141.549,141.533,1.8,1.2
01.10.2022 00:01:59.560 GMT+0800,141.548,141.531,1.8,3.14
01.10.2022 00:01:59.662 GMT+0800,141.548,141.531,1.2,1.94
01.10.2022 00:01:59.764 GMT+0800,141.542,141.531,1.2,1.2
01.10.2022 00:01:59.866 GMT+0800,141.541,141.526,1.8,1.34
01.10.2022 00:01:59.917 GMT+0800,141.54,141.525,1.8,1.2
01.10.2022 00:01:59.968 GMT+0800,141.54,141.52200000000002,2.7,3.3
01.10.2022 00:02:00.070 GMT+0800,141.541,141.52100000000002,3.3,2.4
01.10.2022 00:02:00.222 GMT+0800,141.54,141.524,1.8,1.2
01.10.2022 00:02:00.324 GMT+0800,141.54,141.524,1.8,1.2
01.10.2022 00:02:00.426 GMT+0800,141.54,141.52100000000002,3.74,1.34
01.10.2022 00:02:00.578 GMT+0800,141.54,141.52100000000002,2.4,2.24
01.10.2022 00:02:00.781 GMT+0800,141.54,141.52100000000002,2.4,1.34
01.10.2022 00:02:00.882 GMT+0800,141.54,141.52100000000002,3.3,2.24
01.10.2022 00:02:01.187 GMT+0800,141.54,141.52200000000002,3.3,1.2
01.10.2022 00:02:01.339 GMT+0800,141.539,141.52200000000002,1.8,1.2
01.10.2022 00:02:01.441 GMT+0800,141.539,141.523,1.8,1.2
01.10.2022 00:02:01.543 GMT+0800,141.53799999999998,141.523,2.4,1.2
01.10.2022 00:02:01.594 GMT+0800,141.53799999999998,141.523,2.4,1.2
01.10.2022 00:02:01.645 GMT+0800,141.53799999999998,141.523,3.74,1.2
01.10.2022 00:02:01.848 GMT+0800,141.536,141.523,1.2,1.2
01.10.2022 00:02:01.950 GMT+0800,141.536,141.523,1.2,1.2
01.10.2022 00:02:02.052 GMT+0800,141.536,141.523,1.2,1.2
01.10.2022 00:02:02.357 GMT+0800,141.53,141.51600000000002,1.8,1.8
01.10.2022 00:02:02.408 GMT+0800,141.52700000000002,141.51500000000001,1.2,3.14
01.10.2022 00:02:02.460 GMT+0800,141.525,141.513,1.34,1.8
01.10.2022 00:02:02.562 GMT+0800,141.52200000000002,141.509,1.2,1.2
01.10.2022 00:02:02.664 GMT+0800,141.523,141.509,1.2,1.8
01.10.2022 00:02:02.766 GMT+0800,141.528,141.51500000000001,1.2,1.2
01.10.2022 00:02:02.868 GMT+0800,141.53,141.51500000000001,1.8,1.2
01.10.2022 00:02:02.919 GMT+0800,141.52700000000002,141.51500000000001,1.94,1.2
01.10.2022 00:02:02.970 GMT+0800,141.52700000000002,141.512,2.84,1.2
01.10.2022 00:02:03.122 GMT+0800,141.52700000000002,141.512,2.84,1.2
01.10.2022 00:02:03.224 GMT+0800,141.52700000000002,141.512,1.8,1.2
01.10.2022 00:02:03.342 GMT+0800,141.526,141.512,1.2,2.7
01.10.2022 00:02:03.399 GMT+0800,141.52700000000002,141.512,1.2,1.2
01.10.2022 00:02:03.502 GMT+0800,141.528,141.512,1.8,1.2
01.10.2022 00:02:03.604 GMT+0800,141.528,141.512,2.4,1.2
01.10.2022 00:02:03.705 GMT+0800,141.528,141.511,2.4,1.2
01.10.2022 00:02:03.807 GMT+0800,141.528,141.511,2.4,1.2
01.10.2022 00:02:03.858 GMT+0800,141.53,141.52200000000002,1.8,1.8
01.10.2022 00:02:03.910 GMT+0800,141.531,141.52700000000002,3.32,1.2
01.10.2022 00:02:03.962 GMT+0800,141.535,141.523,1.2,1.34
01.10.2022 00:02:04.064 GMT+0800,141.54,141.524,4.2,1.2
01.10.2022 00:02:04.115 GMT+0800,141.54,141.526,2.7,1.2
01.10.2022 00:02:04.217 GMT+0800,141.543,141.525,1.8,1.8
01.10.2022 00:02:04.369 GMT+0800,141.544,141.529,1.8,1.2
01.10.2022 00:02:04.420 GMT+0800,141.54500000000002,141.528,1.34,1.2
01.10.2022 00:02:04.471 GMT+0800,141.544,141.531,1.34,1.2
01.10.2022 00:02:04.573 GMT+0800,141.547,141.531,6,1.2
01.10.2022 00:02:04.675 GMT+0800,141.548,141.529,7.8,1.2
01.10.2022 00:02:04.847 GMT+0800,141.547,141.529,7.8,1.8
01.10.2022 00:02:04.949 GMT+0800,141.544,141.529,1.8,1.2
01.10.2022 00:02:05.051 GMT+0800,141.543,141.528,1.94,1.2
01.10.2022 00:02:05.102 GMT+0800,141.542,141.526,1.34,1.2
01.10.2022 00:02:05.153 GMT+0800,141.542,141.528,1.34,1.2
01.10.2022 00:02:05.255 GMT+0800,141.544,141.529,1.8,1.8
01.10.2022 00:02:05.357 GMT+0800,141.544,141.528,2.4,1.8
01.10.2022 00:02:05.522 GMT+0800,141.544,141.528,2.4,1.8
01.10.2022 00:02:05.675 GMT+0800,141.54500000000002,141.528,1.34,1.2
01.10.2022 00:02:05.828 GMT+0800,141.544,141.528,2.24,1.8
01.10.2022 00:02:05.930 GMT+0800,141.541,141.52700000000002,1.2,1.34
01.10.2022 00:02:06.032 GMT+0800,141.54,141.524,1.2,2.7
01.10.2022 00:02:06.133 GMT+0800,141.54,141.526,1.2,1.2
01.10.2022 00:02:06.575 GMT+0800,141.541,141.525,2.24,1.2
01.10.2022 00:02:06.778 GMT+0800,141.541,141.524,1.34,2.7
01.10.2022 00:02:07.369 GMT+0800,141.541,141.524,1.8,2.7
01.10.2022 00:02:07.522 GMT+0800,141.541,141.525,1.34,1.2
01.10.2022 00:02:07.624 GMT+0800,141.54,141.52700000000002,1.8,1.2
01.10.2022 00:02:07.675 GMT+0800,141.54,141.524,1.8,4.2
01.10.2022 00:02:07.776 GMT+0800,141.539,141.524,1.34,1.8
01.10.2022 00:02:07.878 GMT+0800,141.54,141.531,1.8,2.4
01.10.2022 00:02:07.980 GMT+0800,141.547,141.535,1.2,1.34
01.10.2022 00:02:08.031 GMT+0800,141.54600000000002,141.53,1.8,1.8
01.10.2022 00:02:08.133 GMT+0800,141.54600000000002,141.529,3.3,4.5
01.10.2022 00:02:08.235 GMT+0800,141.542,141.526,1.8,2.24
01.10.2022 00:02:08.337 GMT+0800,141.542,141.526,3.6,3.6
01.10.2022 00:02:08.445 GMT+0800,141.542,141.529,1.8,1.2
01.10.2022 00:02:08.547 GMT+0800,141.542,141.531,1.2,1.2
01.10.2022 00:02:08.598 GMT+0800,141.54500000000002,141.529,1.34,1.2
01.10.2022 00:02:08.700 GMT+0800,141.54500000000002,141.529,1.8,1.8
01.10.2022 00:02:08.802 GMT+0800,141.54500000000002,141.529,1.8,1.8
01.10.2022 00:02:08.903 GMT+0800,141.54500000000002,141.529,1.8,1.2
01.10.2022 00:02:09.107 GMT+0800,141.53799999999998,141.529,1.2,1.2
01.10.2022 00:02:09.209 GMT+0800,141.535,141.524,1.94,1.2
01.10.2022 00:02:09.310 GMT+0800,141.534,141.523,1.8,1.2
01.10.2022 00:02:09.463 GMT+0800,141.533,141.524,1.8,1.2
01.10.2022 00:02:09.565 GMT+0800,141.534,141.524,1.2,1.2
01.10.2022 00:02:09.668 GMT+0800,141.532,141.524,1.2,1.2
01.10.2022 00:02:09.770 GMT+0800,141.53,141.524,1.2,1.2
01.10.2022 00:02:09.871 GMT+0800,141.529,141.523,1.2,1.2
01.10.2022 00:02:09.923 GMT+0800,141.533,141.523,3.3,1.2
01.10.2022 00:02:09.974 GMT+0800,141.532,141.524,2.4,1.2
01.10.2022 00:02:10.075 GMT+0800,141.533,141.524,2.84,1.2
01.10.2022 00:02:10.177 GMT+0800,141.533,141.524,2.4,1.2
01.10.2022 00:02:10.279 GMT+0800,141.533,141.524,2.84,1.2
01.10.2022 00:02:10.583 GMT+0800,141.533,141.524,3.74,1.2
01.10.2022 00:02:10.794 GMT+0800,141.534,141.524,1.8,1.2
01.10.2022 00:02:11.200 GMT+0800,141.533,141.524,1.8,1.2
01.10.2022 00:02:12.024 GMT+0800,141.533,141.524,2.4,1.2
01.10.2022 00:02:12.430 GMT+0800,141.532,141.524,2.4,1.2
01.10.2022 00:02:12.531 GMT+0800,141.532,141.524,2.4,1.2
01.10.2022 00:02:12.987 GMT+0800,141.533,141.524,3.3,1.2
01.10.2022 00:02:13.089 GMT+0800,141.534,141.523,4.2,1.2
01.10.2022 00:02:13.241 GMT+0800,141.533,141.524,1.2,1.2
01.10.2022 00:02:13.293 GMT+0800,141.535,141.524,1.2,1.8
01.10.2022 00:02:13.394 GMT+0800,141.53799999999998,141.524,2.24,1.8
01.10.2022 00:02:13.496 GMT+0800,141.54,141.523,1.8,1.8
01.10.2022 00:02:13.699 GMT+0800,141.539,141.532,1.2,1.2
01.10.2022 00:02:13.801 GMT+0800,141.541,141.531,1.2,1.2
01.10.2022 00:02:13.902 GMT+0800,141.541,141.53,1.2,1.2
01.10.2022 00:02:14.055 GMT+0800,141.541,141.529,1.2,1.8
01.10.2022 00:02:14.156 GMT+0800,141.541,141.53,1.2,1.2
01.10.2022 00:02:14.258 GMT+0800,141.541,141.531,1.2,1.2
01.10.2022 00:02:14.360 GMT+0800,141.541,141.529,1.2,1.8
01.10.2022 00:02:14.411 GMT+0800,141.541,141.531,1.2,1.2
01.10.2022 00:02:14.858 GMT+0800,141.539,141.528,1.2,1.2
01.10.2022 00:02:15.062 GMT+0800,141.541,141.528,2.84,1.2
01.10.2022 00:02:15.164 GMT+0800,141.536,141.525,1.2,1.8
01.10.2022 00:02:15.278 GMT+0800,141.533,141.524,1.32,1.8
01.10.2022 00:02:15.335 GMT+0800,141.534,141.524,2.1,1.8
01.10.2022 00:02:15.437 GMT+0800,141.53799999999998,141.524,1.8,1.2
01.10.2022 00:02:15.589 GMT+0800,141.537,141.524,1.2,1.2
01.10.2022 00:02:15.742 GMT+0800,141.53799999999998,141.524,1.8,1.2
01.10.2022 00:02:15.793 GMT+0800,141.53799999999998,141.525,2.7,1.2
01.10.2022 00:02:15.895 GMT+0800,141.53799999999998,141.524,2.84,1.2
01.10.2022 00:02:15.946 GMT+0800,141.53799999999998,141.524,4.94,1.2
01.10.2022 00:02:16.048 GMT+0800,141.54,141.528,1.94,1.2
01.10.2022 00:02:16.251 GMT+0800,141.54,141.525,1.2,1.2
01.10.2022 00:02:16.353 GMT+0800,141.54,141.524,1.94,1.2
01.10.2022 00:02:16.556 GMT+0800,141.54,141.524,1.2,1.2
01.10.2022 00:02:16.716 GMT+0800,141.54,141.524,1.2,1.34
01.10.2022 00:02:16.962 GMT+0800,141.54,141.523,1.8,1.2
01.10.2022 00:02:17.114 GMT+0800,141.539,141.524,2.63,1.2
01.10.2022 00:02:17.318 GMT+0800,141.537,141.524,1.94,1.2
01.10.2022 00:02:17.521 GMT+0800,141.537,141.524,1.8,1.2
01.10.2022 00:02:17.623 GMT+0800,141.535,141.523,1.8,1.2
01.10.2022 00:02:17.674 GMT+0800,141.535,141.52100000000002,2.4,2.7
01.10.2022 00:02:17.785 GMT+0800,141.535,141.52100000000002,2.4,1.2
01.10.2022 00:02:17.999 GMT+0800,141.536,141.52,2.4,1.2
01.10.2022 00:02:18.050 GMT+0800,141.536,141.52200000000002,1.34,1.2
01.10.2022 00:02:18.152 GMT+0800,141.54,141.52700000000002,2.84,1.2
01.10.2022 00:02:18.254 GMT+0800,141.54,141.525,2.84,1.2
01.10.2022 00:02:18.356 GMT+0800,141.54,141.524,2.84,1.8
01.10.2022 00:02:18.523 GMT+0800,141.542,141.524,1.5,1.8
01.10.2022 00:02:18.625 GMT+0800,141.542,141.528,1.2,1.2
01.10.2022 00:02:18.727 GMT+0800,141.542,141.52700000000002,1.94,1.2
01.10.2022 00:02:18.829 GMT+0800,141.543,141.526,3.74,1.2
01.10.2022 00:02:18.880 GMT+0800,141.542,141.524,3.74,2.7
01.10.2022 00:02:19.440 GMT+0800,141.54,141.52200000000002,3.53,2.24
01.10.2022 00:02:19.592 GMT+0800,141.536,141.524,1.34,1.8
01.10.2022 00:02:19.694 GMT+0800,141.537,141.53,1.2,1.2
01.10.2022 00:02:19.746 GMT+0800,141.544,141.529,1.8,1.2
01.10.2022 00:02:19.847 GMT+0800,141.547,141.531,3.3,1.2
01.10.2022 00:02:20.042 GMT+0800,141.547,141.53,1.8,1.34
01.10.2022 00:02:20.246 GMT+0800,141.547,141.53,2.4,2.24
01.10.2022 00:02:20.398 GMT+0800,141.548,141.528,4.64,2.4
01.10.2022 00:02:20.550 GMT+0800,141.54500000000002,141.53,2.24,1.2
01.10.2022 00:02:20.804 GMT+0800,141.543,141.53,1.2,1.34
01.10.2022 00:02:20.906 GMT+0800,141.539,141.528,1.8,1.2
01.10.2022 00:02:21.008 GMT+0800,141.544,141.531,1.34,1.2
01.10.2022 00:02:21.110 GMT+0800,141.543,141.531,1.2,1.2
01.10.2022 00:02:21.161 GMT+0800,141.54600000000002,141.531,2.63,1.2
01.10.2022 00:02:21.263 GMT+0800,141.547,141.531,1.34,1.2
01.10.2022 00:02:21.364 GMT+0800,141.547,141.531,1.8,1.2
01.10.2022 00:02:21.466 GMT+0800,141.54500000000002,141.53,1.2,2.24
01.10.2022 00:02:21.517 GMT+0800,141.54500000000002,141.529,1.8,1.2
01.10.2022 00:02:21.568 GMT+0800,141.54500000000002,141.53,1.2,1.2
01.10.2022 00:02:21.620 GMT+0800,141.54500000000002,141.533,1.2,1.2
01.10.2022 00:02:21.671 GMT+0800,141.547,141.53,1.34,1.34
01.10.2022 00:02:21.722 GMT+0800,141.547,141.53,1.2,1.8
01.10.2022 00:02:21.925 GMT+0800,141.54600000000002,141.53,2.4,1.2
01.10.2022 00:02:22.026 GMT+0800,141.547,141.529,2.4,1.2
01.10.2022 00:02:23.139 GMT+0800,141.54600000000002,141.53,1.8,1.8
01.10.2022 00:02:23.241 GMT+0800,141.54500000000002,141.53,1.8,1.2
01.10.2022 00:02:23.343 GMT+0800,141.54500000000002,141.532,1.8,1.2
01.10.2022 00:02:23.468 GMT+0800,141.54500000000002,141.532,1.2,1.2
01.10.2022 00:02:23.773 GMT+0800,141.54600000000002,141.532,2.4,1.2
01.10.2022 00:02:23.824 GMT+0800,141.54500000000002,141.529,1.34,1.2
01.10.2022 00:02:23.926 GMT+0800,141.544,141.529,2.24,1.2
01.10.2022 00:02:24.426 GMT+0800,141.542,141.528,1.2,1.8
01.10.2022 00:02:24.558 GMT+0800,141.543,141.52700000000002,2.24,1.2
01.10.2022 00:02:24.666 GMT+0800,141.543,141.526,3.14,1.8
01.10.2022 00:02:24.768 GMT+0800,141.544,141.526,3.14,1.94
01.10.2022 00:02:25.179 GMT+0800,141.544,141.528,1.2,1.34
01.10.2022 00:02:25.383 GMT+0800,141.544,141.529,1.2,1.2
01.10.2022 00:02:25.536 GMT+0800,141.544,141.53799999999998,1.34,1.2
01.10.2022 00:02:25.637 GMT+0800,141.548,141.537,1.2,1.2
01.10.2022 00:02:25.739 GMT+0800,141.554,141.536,2.4,1.2
01.10.2022 00:02:25.841 GMT+0800,141.55100000000002,141.536,2.24,1.8
01.10.2022 00:02:25.942 GMT+0800,141.55100000000002,141.536,1.8,1.8
01.10.2022 00:02:26.044 GMT+0800,141.55100000000002,141.536,1.2,2.7
01.10.2022 00:02:26.095 GMT+0800,141.55200000000002,141.53799999999998,1.2,1.2
01.10.2022 00:02:26.319 GMT+0800,141.55200000000002,141.536,1.2,1.8
01.10.2022 00:02:26.493 GMT+0800,141.55200000000002,141.537,1.2,1.2
01.10.2022 00:02:26.834 GMT+0800,141.55200000000002,141.539,1.34,1.2
01.10.2022 00:02:26.936 GMT+0800,141.553,141.54500000000002,1.8,1.2
01.10.2022 00:02:26.988 GMT+0800,141.555,141.54600000000002,2.7,1.2
01.10.2022 00:02:27.039 GMT+0800,141.558,141.544,2.4,1.2
01.10.2022 00:02:27.141 GMT+0800,141.55700000000002,141.542,1.34,1.2
01.10.2022 00:02:27.243 GMT+0800,141.55,141.541,1.8,1.34
01.10.2022 00:02:27.345 GMT+0800,141.55,141.539,1.2,1.2
01.10.2022 00:02:27.447 GMT+0800,141.55,141.537,1.2,1.2
01.10.2022 00:02:27.701 GMT+0800,141.554,141.537,2.7,1.34
01.10.2022 00:02:27.802 GMT+0800,141.554,141.536,2.63,2.24
01.10.2022 00:02:27.854 GMT+0800,141.553,141.536,1.2,1.2
01.10.2022 00:02:27.955 GMT+0800,141.554,141.536,4.2,2.24
01.10.2022 00:02:28.057 GMT+0800,141.554,141.536,4.2,2.24
01.10.2022 00:02:28.159 GMT+0800,141.554,141.536,4.2,2.4
01.10.2022 00:02:28.492 GMT+0800,141.554,141.536,4.2,1.34
01.10.2022 00:02:28.594 GMT+0800,141.553,141.536,1.94,1.8
01.10.2022 00:02:28.645 GMT+0800,141.553,141.536,1.8,3.3
01.10.2022 00:02:28.747 GMT+0800,141.554,141.537,1.8,1.8
01.10.2022 00:02:28.848 GMT+0800,141.553,141.539,1.94,1.2
01.10.2022 00:02:29.001 GMT+0800,141.553,141.539,1.8,1.2
01.10.2022 00:02:29.103 GMT+0800,141.554,141.541,1.8,1.2
01.10.2022 00:02:29.154 GMT+0800,141.556,141.541,1.2,1.34
01.10.2022 00:02:29.361 GMT+0800,141.556,141.542,1.2,1.8
01.10.2022 00:02:29.463 GMT+0800,141.556,141.543,1.2,1.2
01.10.2022 00:02:29.640 GMT+0800,141.559,141.542,2.84,1.2
01.10.2022 00:02:29.894 GMT+0800,141.559,141.543,1.34,2.84
01.10.2022 00:02:29.945 GMT+0800,141.564,141.562,1.57,1.2
01.10.2022 00:02:29.996 GMT+0800,141.561,141.55700000000002,1.2,1.2
01.10.2022 00:02:30.048 GMT+0800,141.56799999999998,141.558,1.5,1.2
01.10.2022 00:02:30.149 GMT+0800,141.56799999999998,141.55700000000002,1.2,1.2
01.10.2022 00:02:30.200 GMT+0800,141.571,141.558,3.3,1.2
01.10.2022 00:02:30.302 GMT+0800,141.571,141.558,2.4,1.2
01.10.2022 00:02:30.460 GMT+0800,141.571,141.559,1.8,1.2
01.10.2022 00:02:30.562 GMT+0800,141.571,141.558,1.8,1.8
01.10.2022 00:02:30.664 GMT+0800,141.571,141.558,1.8,1.2
01.10.2022 00:02:30.800 GMT+0800,141.571,141.558,1.8,1.2
01.10.2022 00:02:30.851 GMT+0800,141.571,141.558,1.8,1.2
01.10.2022 00:02:30.953 GMT+0800,141.571,141.558,2.4,1.8
01.10.2022 00:02:31.005 GMT+0800,141.57,141.55700000000002,1.2,1.34
01.10.2022 00:02:31.056 GMT+0800,141.571,141.55700000000002,2.4,1.2
01.10.2022 00:02:31.285 GMT+0800,141.569,141.556,1.8,1.2
01.10.2022 00:02:31.733 GMT+0800,141.565,141.553,1.2,1.34
01.10.2022 00:02:31.835 GMT+0800,141.563,141.55,1.8,1.2
01.10.2022 00:02:31.937 GMT+0800,141.563,141.547,2.63,1.8
01.10.2022 00:02:31.988 GMT+0800,141.564,141.54500000000002,2.63,3.3
01.10.2022 00:02:32.090 GMT+0800,141.563,141.54600000000002,2.47,3.3
01.10.2022 00:02:32.191 GMT+0800,141.563,141.54600000000002,2.63,3.3
01.10.2022 00:02:32.297 GMT+0800,141.563,141.54600000000002,2.47,2.4
01.10.2022 00:02:32.435 GMT+0800,141.563,141.54600000000002,2.63,1.8
01.10.2022 00:02:32.486 GMT+0800,141.55700000000002,141.54500000000002,1.34,3.6
01.10.2022 00:02:32.589 GMT+0800,141.55200000000002,141.53799999999998,1.8,1.8
01.10.2022 00:02:32.691 GMT+0800,141.55200000000002,141.53799999999998,1.2,2.24
01.10.2022 00:02:32.792 GMT+0800,141.55100000000002,141.53799999999998,1.2,1.34
01.10.2022 00:02:33.017 GMT+0800,141.555,141.537,2.63,1.2
01.10.2022 00:02:33.622 GMT+0800,141.55200000000002,141.53799999999998,1.2,1.2
01.10.2022 00:02:34.380 GMT+0800,141.55,141.537,1.8,1.34
01.10.2022 00:02:34.533 GMT+0800,141.55,141.53799999999998,1.2,1.2
01.10.2022 00:02:34.699 GMT+0800,141.55,141.537,1.2,1.8
01.10.2022 00:02:34.910 GMT+0800,141.55,141.53799999999998,1.2,1.2
01.10.2022 00:02:35.012 GMT+0800,141.55,141.536,1.8,1.2
01.10.2022 00:02:35.063 GMT+0800,141.55,141.533,2.4,3.53
01.10.2022 00:02:35.276 GMT+0800,141.55,141.535,2.4,1.2
01.10.2022 00:02:35.327 GMT+0800,141.55,141.543,1.8,1.8
01.10.2022 00:02:35.378 GMT+0800,141.55700000000002,141.542,3.54,1.8
01.10.2022 00:02:35.429 GMT+0800,141.558,141.541,2.7,1.8
01.10.2022 00:02:35.480 GMT+0800,141.55700000000002,141.542,2.4,1.8
01.10.2022 00:02:35.559 GMT+0800,141.55700000000002,141.542,2.4,1.8
01.10.2022 00:02:35.664 GMT+0800,141.55700000000002,141.54,2.4,1.8
01.10.2022 00:02:35.766 GMT+0800,141.555,141.541,1.34,1.2
01.10.2022 00:02:35.817 GMT+0800,141.555,141.543,1.2,1.2
01.10.2022 00:02:35.868 GMT+0800,141.55700000000002,141.541,1.2,2.24
01.10.2022 00:02:35.970 GMT+0800,141.55700000000002,141.542,1.2,1.8
01.10.2022 00:02:36.072 GMT+0800,141.55700000000002,141.543,1.8,1.2
01.10.2022 00:02:37.039 GMT+0800,141.55700000000002,141.543,1.34,1.2
01.10.2022 00:02:37.140 GMT+0800,141.556,141.541,1.8,1.8
01.10.2022 00:02:37.762 GMT+0800,141.55700000000002,141.54,3.3,1.2
01.10.2022 00:02:37.931 GMT+0800,141.556,141.54,3.3,1.8
01.10.2022 00:02:37.982 GMT+0800,141.556,141.54,4.04,1.8
01.10.2022 00:02:38.134 GMT+0800,141.55700000000002,141.539,4.2,1.8
01.10.2022 00:02:38.582 GMT+0800,141.556,141.54,5.1,1.8
01.10.2022 00:02:38.694 GMT+0800,141.556,141.54,4.2,1.8
01.10.2022 00:02:39.972 GMT+0800,141.556,141.54,3.6,1.8
01.10.2022 00:02:40.149 GMT+0800,141.556,141.54,5.1,1.8
01.10.2022 00:02:40.436 GMT+0800,141.554,141.54,1.2,1.2
01.10.2022 00:02:40.538 GMT+0800,141.554,141.539,1.8,1.2
01.10.2022 00:02:41.259 GMT+0800,141.55100000000002,141.539,1.2,1.2
01.10.2022 00:02:41.310 GMT+0800,141.55100000000002,141.537,1.5,1.8
01.10.2022 00:02:41.412 GMT+0800,141.55100000000002,141.535,2.93,1.8
01.10.2022 00:02:41.565 GMT+0800,141.55100000000002,141.535,4.43,1.34
01.10.2022 00:02:41.666 GMT+0800,141.55100000000002,141.535,3.83,2.24
01.10.2022 00:02:41.777 GMT+0800,141.55100000000002,141.534,3.83,6
01.10.2022 00:02:41.880 GMT+0800,141.55100000000002,141.534,3.83,6.9
01.10.2022 00:02:42.219 GMT+0800,141.55100000000002,141.534,4.43,4.5
01.10.2022 00:02:42.441 GMT+0800,141.547,141.533,1.8,1.2
01.10.2022 00:02:42.645 GMT+0800,141.548,141.533,1.2,2.7
01.10.2022 00:02:42.746 GMT+0800,141.549,141.533,1.2,2.7
01.10.2022 00:02:42.848 GMT+0800,141.549,141.534,1.2,1.2
01.10.2022 00:02:43.000 GMT+0800,141.55100000000002,141.534,3.3,1.2
01.10.2022 00:02:43.102 GMT+0800,141.55,141.535,1.34,1.2
01.10.2022 00:02:43.204 GMT+0800,141.55200000000002,141.541,1.2,1.2
01.10.2022 00:02:43.255 GMT+0800,141.555,141.541,1.8,1.2
01.10.2022 00:02:43.357 GMT+0800,141.555,141.539,2.24,1.8
01.10.2022 00:02:43.458 GMT+0800,141.555,141.539,3.3,1.8
01.10.2022 00:02:43.510 GMT+0800,141.555,141.539,4.2,1.2
01.10.2022 00:02:43.617 GMT+0800,141.554,141.537,1.8,1.8
01.10.2022 00:02:43.871 GMT+0800,141.553,141.53799999999998,1.34,1.2
01.10.2022 00:02:44.182 GMT+0800,141.553,141.537,3.3,1.2
01.10.2022 00:02:44.334 GMT+0800,141.553,141.537,4.2,1.2
01.10.2022 00:02:44.740 GMT+0800,141.55100000000002,141.536,2.4,1.2
01.10.2022 00:02:44.841 GMT+0800,141.55100000000002,141.536,2.4,1.2
01.10.2022 00:02:45.202 GMT+0800,141.55,141.535,1.34,2.7
01.10.2022 00:02:45.303 GMT+0800,141.549,141.535,1.8,1.2
01.10.2022 00:02:45.611 GMT+0800,141.549,141.535,1.34,1.2
01.10.2022 00:02:45.887 GMT+0800,141.549,141.535,1.8,1.2
01.10.2022 00:02:46.516 GMT+0800,141.549,141.534,2.4,1.8
01.10.2022 00:02:46.617 GMT+0800,141.549,141.533,2.4,2.7
01.10.2022 00:02:46.770 GMT+0800,141.549,141.533,2.4,2.7
01.10.2022 00:02:47.307 GMT+0800,141.548,141.531,2.1,1.8
01.10.2022 00:02:47.409 GMT+0800,141.547,141.533,2.63,1.2
01.10.2022 00:02:47.511 GMT+0800,141.547,141.533,2.03,1.2
01.10.2022 00:02:47.613 GMT+0800,141.55,141.534,1.8,1.8
01.10.2022 00:02:47.714 GMT+0800,141.549,141.534,1.2,1.34
01.10.2022 00:02:48.184 GMT+0800,141.55,141.534,3.14,1.8
01.10.2022 00:02:48.367 GMT+0800,141.55,141.534,4.2,1.2
01.10.2022 00:02:48.500 GMT+0800,141.55,141.534,3.14,1.2
01.10.2022 00:02:48.602 GMT+0800,141.55,141.534,3.3,1.2
01.10.2022 00:02:48.805 GMT+0800,141.55,141.534,2.24,2.7
01.10.2022 00:02:48.907 GMT+0800,141.55,141.536,1.8,1.2
01.10.2022 00:02:49.009 GMT+0800,141.55,141.534,1.8,4.04
01.10.2022 00:02:49.295 GMT+0800,141.55,141.534,1.8,4.2
01.10.2022 00:02:49.602 GMT+0800,141.55,141.534,2.4,1.8
01.10.2022 00:02:49.703 GMT+0800,141.55,141.534,1.2,2.4
01.10.2022 00:02:50.226 GMT+0800,141.55100000000002,141.535,1.8,3.3
01.10.2022 00:02:50.327 GMT+0800,141.55200000000002,141.53799999999998,4.5,1.2
01.10.2022 00:02:50.429 GMT+0800,141.553,141.534,5.4,4.04
01.10.2022 00:02:50.480 GMT+0800,141.55200000000002,141.535,5.1,2.7
01.10.2022 00:02:50.582 GMT+0800,141.55200000000002,141.537,5.1,1.2
01.10.2022 00:02:50.683 GMT+0800,141.55200000000002,141.537,5.4,1.2
01.10.2022 00:02:50.844 GMT+0800,141.55,141.537,1.34,1.2
01.10.2022 00:02:50.945 GMT+0800,141.55,141.535,1.8,1.2
01.10.2022 00:02:51.098 GMT+0800,141.55,141.535,2.7,1.2
01.10.2022 00:02:51.200 GMT+0800,141.55,141.536,3.6,1.2
01.10.2022 00:02:51.301 GMT+0800,141.55,141.537,2.7,1.2
01.10.2022 00:02:51.403 GMT+0800,141.55100000000002,141.536,1.8,1.2
01.10.2022 00:02:51.505 GMT+0800,141.549,141.534,1.34,2.24
01.10.2022 00:02:51.556 GMT+0800,141.55100000000002,141.535,3.6,1.2
01.10.2022 00:02:52.048 GMT+0800,141.55100000000002,141.535,2.4,2.7
01.10.2022 00:02:52.099 GMT+0800,141.55,141.534,1.8,1.8
01.10.2022 00:02:52.201 GMT+0800,141.55,141.536,1.8,1.2
01.10.2022 00:02:52.252 GMT+0800,141.55,141.534,1.8,1.2
01.10.2022 00:02:53.245 GMT+0800,141.55100000000002,141.536,1.2,1.34
01.10.2022 00:02:53.347 GMT+0800,141.55100000000002,141.537,1.8,1.2
01.10.2022 00:02:53.449 GMT+0800,141.54500000000002,141.53,1.2,1.34
01.10.2022 00:02:53.550 GMT+0800,141.544,141.53,1.34,1.2
01.10.2022 00:02:53.855 GMT+0800,141.54500000000002,141.53,2.4,1.8
01.10.2022 00:02:54.187 GMT+0800,141.54,141.528,1.2,1.2
01.10.2022 00:02:54.238 GMT+0800,141.54,141.525,1.34,3.14
01.10.2022 00:02:54.340 GMT+0800,141.539,141.526,1.2,1.2
01.10.2022 00:02:54.492 GMT+0800,141.539,141.529,1.2,1.2
01.10.2022 00:02:54.543 GMT+0800,141.543,141.53,1.34,1.8
01.10.2022 00:02:54.645 GMT+0800,141.542,141.52700000000002,1.8,1.8
01.10.2022 00:02:54.747 GMT+0800,141.541,141.526,1.34,1.34
01.10.2022 00:02:54.848 GMT+0800,141.54,141.526,1.2,1.2
01.10.2022 00:02:55.052 GMT+0800,141.54,141.525,2.7,1.2
01.10.2022 00:02:55.154 GMT+0800,141.54,141.525,2.4,1.2
01.10.2022 00:02:55.306 GMT+0800,141.53799999999998,141.523,1.2,4.04
01.10.2022 00:02:55.357 GMT+0800,141.53799999999998,141.52200000000002,4.2,1.8
01.10.2022 00:02:55.510 GMT+0800,141.537,141.52100000000002,2.4,4.04
01.10.2022 00:02:55.800 GMT+0800,141.536,141.52100000000002,1.2,4.2
01.10.2022 00:02:55.851 GMT+0800,141.539,141.52100000000002,4.94,2.24
01.10.2022 00:02:56.054 GMT+0800,141.536,141.52100000000002,1.8,3.6
01.10.2022 00:02:56.156 GMT+0800,141.535,141.52100000000002,1.34,1.8
01.10.2022 00:02:56.258 GMT+0800,141.534,141.52200000000002,1.34,1.2
01.10.2022 00:02:56.309 GMT+0800,141.536,141.523,2.24,1.2
01.10.2022 00:02:56.801 GMT+0800,141.536,141.523,1.8,1.2
01.10.2022 00:02:56.857 GMT+0800,141.536,141.52100000000002,1.8,3.6
01.10.2022 00:02:56.908 GMT+0800,141.537,141.52100000000002,2.24,3.6
01.10.2022 00:02:56.959 GMT+0800,141.537,141.525,1.8,1.2
01.10.2022 00:02:57.010 GMT+0800,141.54,141.526,3.92,1.8
01.10.2022 00:02:57.061 GMT+0800,141.541,141.529,1.2,1.2
01.10.2022 00:02:57.264 GMT+0800,141.541,141.528,1.2,1.2
01.10.2022 00:02:57.366 GMT+0800,141.544,141.53,1.5,1.2
01.10.2022 00:02:57.468 GMT+0800,141.544,141.53,1.2,1.2
01.10.2022 00:02:57.570 GMT+0800,141.54500000000002,141.533,1.2,1.2
01.10.2022 00:02:57.672 GMT+0800,141.547,141.534,1.8,1.2
01.10.2022 00:02:57.773 GMT+0800,141.547,141.534,1.34,1.2
01.10.2022 00:02:57.875 GMT+0800,141.547,141.533,1.34,1.2
01.10.2022 00:02:58.078 GMT+0800,141.547,141.533,2.4,1.2
01.10.2022 00:02:58.130 GMT+0800,141.54600000000002,141.532,2.4,1.2
01.10.2022 00:02:58.181 GMT+0800,141.543,141.529,1.2,3.6
01.10.2022 00:02:58.233 GMT+0800,141.541,141.528,1.2,1.34
01.10.2022 00:02:58.334 GMT+0800,141.541,141.52700000000002,1.2,1.2
01.10.2022 00:02:58.436 GMT+0800,141.542,141.52700000000002,1.8,1.2
01.10.2022 00:02:58.538 GMT+0800,141.541,141.526,1.2,5.84
01.10.2022 00:02:59.019 GMT+0800,141.539,141.526,1.2,1.34
01.10.2022 00:02:59.236 GMT+0800,141.541,141.526,3.3,1.8
01.10.2022 00:02:59.340 GMT+0800,141.541,141.526,1.8,1.8
01.10.2022 00:02:59.442 GMT+0800,141.541,141.52700000000002,1.2,1.2
01.10.2022 00:02:59.696 GMT+0800,141.543,141.52700000000002,5.1,1.2
01.10.2022 00:02:59.857 GMT+0800,141.543,141.52700000000002,5.1,1.2
01.10.2022 00:02:59.958 GMT+0800,141.543,141.52700000000002,6,1.2
01.10.2022 00:03:00.111 GMT+0800,141.543,141.52700000000002,5.1,1.2
01.10.2022 00:03:00.532 GMT+0800,141.543,141.52700000000002,4.2,1.2
01.10.2022 00:03:00.685 GMT+0800,141.541,141.525,2.7,1.2
01.10.2022 00:03:00.787 GMT+0800,141.54,141.525,4.2,1.2
01.10.2022 00:03:00.987 GMT+0800,141.539,141.525,2.4,1.2
01.10.2022 00:03:01.038 GMT+0800,141.53799999999998,141.52100000000002,1.34,2.24
01.10.2022 00:03:01.089 GMT+0800,141.53799999999998,141.524,2.24,1.2
01.10.2022 00:03:01.191 GMT+0800,141.53799999999998,141.526,1.8,1.8
01.10.2022 00:03:01.293 GMT+0800,141.54,141.525,1.8,1.8
01.10.2022 00:03:01.395 GMT+0800,141.541,141.52700000000002,1.8,1.2
01.10.2022 00:03:01.497 GMT+0800,141.541,141.528,1.2,1.2
01.10.2022 00:03:01.599 GMT+0800,141.541,141.52700000000002,1.2,1.2
01.10.2022 00:03:01.700 GMT+0800,141.539,141.524,1.34,1.8
01.10.2022 00:03:01.802 GMT+0800,141.539,141.52200000000002,1.34,1.8
01.10.2022 00:03:02.081 GMT+0800,141.53799999999998,141.524,1.34,1.2
01.10.2022 00:03:02.233 GMT+0800,141.539,141.526,1.34,1.2
01.10.2022 00:03:02.335 GMT+0800,141.539,141.52700000000002,2.4,1.2
01.10.2022 00:03:02.449 GMT+0800,141.54,141.526,2.24,1.2
01.10.2022 00:03:02.551 GMT+0800,141.539,141.523,2.24,3.6
01.10.2022 00:03:02.684 GMT+0800,141.539,141.523,2.4,2.7
01.10.2022 00:03:02.786 GMT+0800,141.54,141.523,1.8,1.2
01.10.2022 00:03:02.938 GMT+0800,141.54,141.523,1.34,1.2
01.10.2022 00:03:03.049 GMT+0800,141.539,141.525,1.34,1.2
01.10.2022 00:03:03.151 GMT+0800,141.54,141.524,4.2,1.2
01.10.2022 00:03:03.253 GMT+0800,141.53799999999998,141.52200000000002,2.4,1.2
01.10.2022 00:03:03.354 GMT+0800,141.537,141.52100000000002,3.6,1.34
01.10.2022 00:03:03.507 GMT+0800,141.537,141.524,1.2,1.2
01.10.2022 00:03:03.634 GMT+0800,141.53799999999998,141.524,1.2,1.2
01.10.2022 00:03:03.815 GMT+0800,141.539,141.524,4.04,1.2
01.10.2022 00:03:04.111 GMT+0800,141.539,141.526,1.2,1.2
01.10.2022 00:03:04.213 GMT+0800,141.539,141.52700000000002,1.2,1.2
01.10.2022 00:03:04.432 GMT+0800,141.539,141.53,1.2,2.4
01.10.2022 00:03:04.533 GMT+0800,141.539,141.53,1.2,1.2
01.10.2022 00:03:04.889 GMT+0800,141.539,141.529,1.2,3.6
01.10.2022 00:03:05.688 GMT+0800,141.539,141.53,1.2,1.8
01.10.2022 00:03:05.790 GMT+0800,141.539,141.529,1.2,1.2
01.10.2022 00:03:05.922 GMT+0800,141.539,141.528,1.2,2.7
01.10.2022 00:03:06.216 GMT+0800,141.539,141.526,1.2,3.3
01.10.2022 00:03:06.318 GMT+0800,141.539,141.526,1.2,1.34
01.10.2022 00:03:06.785 GMT+0800,141.539,141.525,1.2,5.4
01.10.2022 00:03:06.887 GMT+0800,141.539,141.526,1.2,1.2
01.10.2022 00:03:08.197 GMT+0800,141.535,141.524,1.2,4.2
01.10.2022 00:03:08.320 GMT+0800,141.518,141.511,1.34,1.5
01.10.2022 00:03:08.439 GMT+0800,141.51,141.503,1.8,1.8
01.10.2022 00:03:08.490 GMT+0800,141.51500000000001,141.509,1.2,1.8
01.10.2022 00:03:08.541 GMT+0800,141.518,141.51,1.57,1.8
01.10.2022 00:03:08.693 GMT+0800,141.518,141.502,2.7,1.57
01.10.2022 00:03:08.745 GMT+0800,141.518,141.502,2.63,1.34
01.10.2022 00:03:08.846 GMT+0800,141.518,141.506,2.4,1.2
01.10.2022 00:03:08.948 GMT+0800,141.518,141.506,2.24,1.2
01.10.2022 00:03:09.049 GMT+0800,141.518,141.506,2.4,1.2
01.10.2022 00:03:09.101 GMT+0800,141.518,141.506,2.4,1.2
01.10.2022 00:03:09.152 GMT+0800,141.518,141.503,4.2,1.2
01.10.2022 00:03:09.564 GMT+0800,141.51700000000002,141.502,1.8,1.2
01.10.2022 00:03:09.822 GMT+0800,141.514,141.502,1.2,1.2
01.10.2022 00:03:09.923 GMT+0800,141.51700000000002,141.501,2.4,1.2
01.10.2022 00:03:10.076 GMT+0800,141.51700000000002,141.507,1.34,1.2
01.10.2022 00:03:10.178 GMT+0800,141.51700000000002,141.503,1.34,1.2
01.10.2022 00:03:10.229 GMT+0800,141.518,141.505,1.2,1.2
01.10.2022 00:03:10.331 GMT+0800,141.51500000000001,141.501,1.2,1.2
01.10.2022 00:03:11.188 GMT+0800,141.512,141.498,1.2,2.7
01.10.2022 00:03:11.290 GMT+0800,141.512,141.496,1.34,1.8
01.10.2022 00:03:11.722 GMT+0800,141.512,141.496,1.8,2.7
01.10.2022 00:03:12.124 GMT+0800,141.511,141.496,1.34,1.8
01.10.2022 00:03:12.532 GMT+0800,141.511,141.496,1.8,3.6
01.10.2022 00:03:12.677 GMT+0800,141.511,141.496,1.2,3.6
01.10.2022 00:03:12.829 GMT+0800,141.512,141.495,1.8,3.78
01.10.2022 00:03:13.032 GMT+0800,141.511,141.496,1.8,2.7
01.10.2022 00:03:13.356 GMT+0800,141.51,141.496,1.2,2.7
01.10.2022 00:03:13.577 GMT+0800,141.511,141.497,1.8,1.8
01.10.2022 00:03:13.679 GMT+0800,141.51,141.498,1.2,1.2
01.10.2022 00:03:13.730 GMT+0800,141.509,141.496,1.8,1.34
01.10.2022 00:03:13.781 GMT+0800,141.509,141.499,2.24,1.2
01.10.2022 00:03:13.933 GMT+0800,141.51,141.497,1.2,1.2
01.10.2022 00:03:14.035 GMT+0800,141.511,141.498,1.2,1.2
01.10.2022 00:03:14.137 GMT+0800,141.511,141.495,3.3,2.24
01.10.2022 00:03:14.239 GMT+0800,141.511,141.495,3.3,1.2
01.10.2022 00:03:14.341 GMT+0800,141.511,141.496,3.3,1.2
01.10.2022 00:03:14.449 GMT+0800,141.511,141.499,2.24,1.2
01.10.2022 00:03:14.500 GMT+0800,141.511,141.495,2.7,2.7
01.10.2022 00:03:14.602 GMT+0800,141.51,141.495,1.8,1.34
01.10.2022 00:03:14.904 GMT+0800,141.509,141.494,1.2,2.4
01.10.2022 00:03:15.005 GMT+0800,141.508,141.494,1.2,1.8
01.10.2022 00:03:15.107 GMT+0800,141.511,141.496,4.2,1.2
01.10.2022 00:03:15.209 GMT+0800,141.511,141.499,2.7,1.2
01.10.2022 00:03:15.260 GMT+0800,141.513,141.497,2.24,1.8
01.10.2022 00:03:15.362 GMT+0800,141.512,141.497,1.2,1.2
01.10.2022 00:03:15.413 GMT+0800,141.512,141.495,2.4,3.6
01.10.2022 00:03:15.565 GMT+0800,141.511,141.496,1.8,1.2
01.10.2022 00:03:15.689 GMT+0800,141.509,141.494,1.34,1.2
01.10.2022 00:03:15.841 GMT+0800,141.51,141.495,2.7,1.2
01.10.2022 00:03:16.106 GMT+0800,141.51,141.494,2.24,1.2
01.10.2022 00:03:16.259 GMT+0800,141.51,141.494,1.8,1.94
01.10.2022 00:03:16.474 GMT+0800,141.511,141.496,1.34,1.8
01.10.2022 00:03:16.525 GMT+0800,141.512,141.499,1.2,1.8
01.10.2022 00:03:16.627 GMT+0800,141.51,141.496,1.2,1.2
01.10.2022 00:03:16.748 GMT+0800,141.51,141.495,2.24,1.2
01.10.2022 00:03:16.852 GMT+0800,141.51,141.496,1.2,1.2
01.10.2022 00:03:16.954 GMT+0800,141.512,141.495,1.8,1.2
01.10.2022 00:03:17.157 GMT+0800,141.511,141.498,1.2,1.2
01.10.2022 00:03:17.259 GMT+0800,141.514,141.502,1.8,1.2
01.10.2022 00:03:17.563 GMT+0800,141.512,141.5,2.24,1.2
01.10.2022 00:03:17.665 GMT+0800,141.512,141.496,3.14,1.2
01.10.2022 00:03:17.767 GMT+0800,141.512,141.498,1.8,1.2
01.10.2022 00:03:17.869 GMT+0800,141.513,141.499,1.34,1.8
01.10.2022 00:03:17.971 GMT+0800,141.513,141.5,3.14,1.2
01.10.2022 00:03:18.175 GMT+0800,141.512,141.502,1.34,1.2
01.10.2022 00:03:18.276 GMT+0800,141.513,141.498,1.8,1.2
01.10.2022 00:03:19.626 GMT+0800,141.513,141.5,1.8,1.2
01.10.2022 00:03:19.728 GMT+0800,141.513,141.501,1.8,1.2
01.10.2022 00:03:19.779 GMT+0800,141.513,141.499,3.3,1.8
01.10.2022 00:03:20.341 GMT+0800,141.51,141.495,1.34,1.2
01.10.2022 00:03:20.392 GMT+0800,141.509,141.493,1.8,1.8
01.10.2022 00:03:20.494 GMT+0800,141.509,141.494,3.3,1.2
01.10.2022 00:03:20.595 GMT+0800,141.509,141.493,4.2,1.2
01.10.2022 00:03:20.748 GMT+0800,141.507,141.493,2.7,1.34
01.10.2022 00:03:20.900 GMT+0800,141.508,141.49200000000002,1.34,2.4
01.10.2022 00:03:21.002 GMT+0800,141.508,141.49200000000002,1.34,3.14
01.10.2022 00:03:21.104 GMT+0800,141.508,141.493,1.34,1.2
01.10.2022 00:03:21.236 GMT+0800,141.508,141.49200000000002,1.34,3.14
01.10.2022 00:03:21.590 GMT+0800,141.51,141.49200000000002,1.8,2.7
01.10.2022 00:03:21.744 GMT+0800,141.508,141.495,1.34,1.2
01.10.2022 00:03:21.846 GMT+0800,141.503,141.491,1.34,1.98
01.10.2022 00:03:21.897 GMT+0800,141.503,141.488,1.2,1.34
01.10.2022 00:03:22.591 GMT+0800,141.501,141.48700000000002,1.2,1.2
01.10.2022 00:03:22.692 GMT+0800,141.501,141.48700000000002,1.8,1.2
01.10.2022 00:03:22.794 GMT+0800,141.501,141.48700000000002,1.2,1.2
01.10.2022 00:03:23.397 GMT+0800,141.502,141.48700000000002,1.34,1.8
01.10.2022 00:03:23.549 GMT+0800,141.501,141.48700000000002,1.2,1.8
01.10.2022 00:03:24.292 GMT+0800,141.502,141.48700000000002,2.24,1.8
01.10.2022 00:03:24.445 GMT+0800,141.503,141.488,3.14,1.2
01.10.2022 00:03:24.496 GMT+0800,141.503,141.48600000000002,2.4,1.2
01.10.2022 00:03:24.648 GMT+0800,141.502,141.48700000000002,3.14,1.2
01.10.2022 00:03:24.927 GMT+0800,141.502,141.48700000000002,5.1,2.7
01.10.2022 00:03:25.029 GMT+0800,141.502,141.48700000000002,3.14,2.7
01.10.2022 00:03:25.182 GMT+0800,141.502,141.488,2.24,1.2
01.10.2022 00:03:25.294 GMT+0800,141.504,141.48700000000002,1.34,1.2
01.10.2022 00:03:25.446 GMT+0800,141.503,141.489,1.2,2.7
01.10.2022 00:03:25.497 GMT+0800,141.507,141.495,1.8,1.8
01.10.2022 00:03:25.549 GMT+0800,141.506,141.49200000000002,1.8,2.7
01.10.2022 00:03:25.600 GMT+0800,141.503,141.49200000000002,2.24,1.34
01.10.2022 00:03:26.454 GMT+0800,141.503,141.49200000000002,1.8,1.2
01.10.2022 00:03:26.555 GMT+0800,141.503,141.49200000000002,2.24,1.2
01.10.2022 00:03:27.408 GMT+0800,141.505,141.491,1.2,1.2
01.10.2022 00:03:27.460 GMT+0800,141.506,141.49200000000002,1.34,1.2
01.10.2022 00:03:27.868 GMT+0800,141.507,141.494,2.4,1.2
01.10.2022 00:03:27.919 GMT+0800,141.508,141.495,1.34,1.2
01.10.2022 00:03:28.021 GMT+0800,141.509,141.495,1.34,1.2
01.10.2022 00:03:28.122 GMT+0800,141.507,141.49200000000002,1.34,3.14
01.10.2022 00:03:28.224 GMT+0800,141.507,141.49200000000002,2.24,2.7
01.10.2022 00:03:28.276 GMT+0800,141.507,141.49200000000002,2.24,2.54
01.10.2022 00:03:28.378 GMT+0800,141.507,141.49200000000002,1.8,1.8
01.10.2022 00:03:28.941 GMT+0800,141.508,141.49200000000002,2.24,1.8
01.10.2022 00:03:29.194 GMT+0800,141.509,141.491,2.4,2.24
01.10.2022 00:03:29.398 GMT+0800,141.508,141.498,1.8,1.2
01.10.2022 00:03:29.531 GMT+0800,141.509,141.49200000000002,3.3,3.14
01.10.2022 00:03:30.409 GMT+0800,141.508,141.493,2.24,2.24
01.10.2022 00:03:30.663 GMT+0800,141.509,141.491,2.24,4.04
01.10.2022 00:03:30.916 GMT+0800,141.508,141.493,3.14,1.2
01.10.2022 00:03:30.968 GMT+0800,141.509,141.496,4.04,1.2
01.10.2022 00:03:31.070 GMT+0800,141.509,141.494,2.7,2.24
01.10.2022 00:03:31.171 GMT+0800,141.51,141.491,2.7,2.7
01.10.2022 00:03:31.374 GMT+0800,141.509,141.493,2.7,1.2
01.10.2022 00:03:31.787 GMT+0800,141.509,141.493,4.2,1.8
01.10.2022 00:03:31.889 GMT+0800,141.505,141.49200000000002,2.4,1.2
01.10.2022 00:03:31.993 GMT+0800,141.504,141.491,1.34,1.2
01.10.2022 00:03:32.196 GMT+0800,141.505,141.491,1.2,1.2
01.10.2022 00:03:32.399 GMT+0800,141.503,141.49200000000002,1.2,1.2
01.10.2022 00:03:32.957 GMT+0800,141.504,141.49200000000002,1.34,1.2
01.10.2022 00:03:33.059 GMT+0800,141.501,141.49200000000002,1.34,1.2
01.10.2022 00:03:33.413 GMT+0800,141.504,141.49200000000002,2.4,1.2
01.10.2022 00:03:33.515 GMT+0800,141.504,141.49200000000002,3.14,1.2
01.10.2022 00:03:33.617 GMT+0800,141.503,141.49200000000002,1.2,1.2
01.10.2022 00:03:33.668 GMT+0800,141.507,141.49200000000002,2.63,1.2
01.10.2022 00:03:34.074 GMT+0800,141.506,141.49200000000002,1.8,1.2
01.10.2022 00:03:34.611 GMT+0800,141.505,141.49200000000002,2.4,1.2
01.10.2022 00:03:34.662 GMT+0800,141.505,141.49200000000002,2.4,1.2
01.10.2022 00:03:34.764 GMT+0800,141.505,141.49200000000002,2.4,1.2
01.10.2022 00:03:35.339 GMT+0800,141.505,141.49200000000002,1.8,1.2
01.10.2022 00:03:35.441 GMT+0800,141.505,141.49200000000002,1.2,1.8
01.10.2022 00:03:35.543 GMT+0800,141.507,141.493,1.34,1.2
01.10.2022 00:03:35.645 GMT+0800,141.509,141.493,2.7,2.7
01.10.2022 00:03:35.807 GMT+0800,141.509,141.49200000000002,2.4,5.4
01.10.2022 00:03:35.909 GMT+0800,141.509,141.493,2.4,1.2
01.10.2022 00:03:36.112 GMT+0800,141.509,141.493,1.34,2.24
01.10.2022 00:03:36.163 GMT+0800,141.508,141.493,1.8,1.2
01.10.2022 00:03:36.264 GMT+0800,141.508,141.49200000000002,2.24,3.14
01.10.2022 00:03:36.366 GMT+0800,141.508,141.494,1.8,1.2
01.10.2022 00:03:36.468 GMT+0800,141.508,141.49200000000002,1.8,6.9
01.10.2022 00:03:37.092 GMT+0800,141.51,141.49200000000002,1.34,1.8
01.10.2022 00:03:37.498 GMT+0800,141.509,141.49200000000002,2.4,4.5
01.10.2022 00:03:37.599 GMT+0800,141.509,141.494,2.24,1.8
01.10.2022 00:03:37.701 GMT+0800,141.509,141.493,3.14,1.8
01.10.2022 00:03:37.914 GMT+0800,141.51,141.491,4.2,4.2
01.10.2022 00:03:38.066 GMT+0800,141.509,141.49200000000002,5.1,4.2
01.10.2022 00:03:38.249 GMT+0800,141.509,141.49200000000002,5.1,4.2
01.10.2022 00:03:38.391 GMT+0800,141.509,141.49200000000002,4.2,4.2
01.10.2022 00:03:38.997 GMT+0800,141.509,141.494,2.4,1.2
01.10.2022 00:03:39.099 GMT+0800,141.509,141.493,1.8,2.24
01.10.2022 00:03:39.324 GMT+0800,141.509,141.493,1.8,4.2
01.10.2022 00:03:39.706 GMT+0800,141.51,141.495,2.24,1.2
01.10.2022 00:03:39.808 GMT+0800,141.51,141.496,2.24,1.34
01.10.2022 00:03:40.326 GMT+0800,141.511,141.495,2.84,1.8
01.10.2022 00:03:40.642 GMT+0800,141.511,141.496,2.24,1.34
01.10.2022 00:03:40.693 GMT+0800,141.512,141.499,2.4,1.2
01.10.2022 00:03:40.744 GMT+0800,141.511,141.496,1.2,1.2
01.10.2022 00:03:40.795 GMT+0800,141.51,141.494,1.34,7.2
01.10.2022 00:03:40.967 GMT+0800,141.51,141.494,3.3,1.8
01.10.2022 00:03:41.068 GMT+0800,141.51,141.496,3.3,1.2
01.10.2022 00:03:41.170 GMT+0800,141.51,141.495,1.8,1.8
01.10.2022 00:03:42.975 GMT+0800,141.51,141.495,1.34,1.8
01.10.2022 00:03:43.026 GMT+0800,141.51,141.497,1.2,1.2
01.10.2022 00:03:43.141 GMT+0800,141.511,141.496,2.7,2.7
01.10.2022 00:03:43.722 GMT+0800,141.511,141.496,3.3,1.2
01.10.2022 00:03:43.773 GMT+0800,141.509,141.493,1.34,3.6
01.10.2022 00:03:43.875 GMT+0800,141.508,141.493,1.2,2.7
01.10.2022 00:03:43.977 GMT+0800,141.507,141.493,1.2,1.8
01.10.2022 00:03:44.331 GMT+0800,141.507,141.493,1.8,1.2
01.10.2022 00:03:44.433 GMT+0800,141.507,141.49200000000002,1.8,2.7
01.10.2022 00:03:44.970 GMT+0800,141.507,141.493,1.8,1.2
01.10.2022 00:03:45.072 GMT+0800,141.507,141.49200000000002,1.8,5.4
01.10.2022 00:03:45.404 GMT+0800,141.507,141.49200000000002,1.2,2.7
01.10.2022 00:03:45.770 GMT+0800,141.508,141.49200000000002,1.34,3.6
01.10.2022 00:03:46.104 GMT+0800,141.509,141.491,1.8,1.8
01.10.2022 00:03:46.307 GMT+0800,141.507,141.491,3.3,1.2
01.10.2022 00:03:46.409 GMT+0800,141.505,141.49,2.24,1.2
01.10.2022 00:03:46.736 GMT+0800,141.505,141.488,3.3,4.04
01.10.2022 00:03:46.838 GMT+0800,141.505,141.489,6,1.2
01.10.2022 00:03:47.007 GMT+0800,141.505,141.488,5.1,2.24
01.10.2022 00:03:47.628 GMT+0800,141.505,141.49,2.24,1.2
01.10.2022 00:03:47.729 GMT+0800,141.505,141.491,1.34,1.8
01.10.2022 00:03:47.831 GMT+0800,141.505,141.49,1.34,1.2
01.10.2022 00:03:47.933 GMT+0800,141.505,141.49,1.8,1.2
01.10.2022 00:03:48.860 GMT+0800,141.505,141.49,1.8,1.2
01.10.2022 00:03:48.961 GMT+0800,141.505,141.488,2.4,6.3
01.10.2022 00:03:49.063 GMT+0800,141.505,141.49,2.4,1.2
01.10.2022 00:03:49.216 GMT+0800,141.505,141.494,1.2,1.2
01.10.2022 00:03:49.318 GMT+0800,141.508,141.493,1.8,1.34
01.10.2022 00:03:49.420 GMT+0800,141.509,141.493,3.3,1.8
01.10.2022 00:03:50.819 GMT+0800,141.509,141.495,3.3,1.2
01.10.2022 00:03:50.914 GMT+0800,141.509,141.493,3.3,4.94
01.10.2022 00:03:50.965 GMT+0800,141.509,141.496,2.4,1.8
01.10.2022 00:03:51.067 GMT+0800,141.511,141.497,1.2,1.8
01.10.2022 00:03:51.270 GMT+0800,141.511,141.495,3.3,1.2
01.10.2022 00:03:51.754 GMT+0800,141.509,141.494,1.8,1.8
01.10.2022 00:03:51.856 GMT+0800,141.508,141.493,1.2,1.8
01.10.2022 00:03:52.766 GMT+0800,141.509,141.495,2.84,1.2
01.10.2022 00:03:53.845 GMT+0800,141.509,141.495,1.34,1.2
01.10.2022 00:03:54.392 GMT+0800,141.506,141.49200000000002,1.2,1.34
01.10.2022 00:03:54.494 GMT+0800,141.505,141.491,1.34,1.8
01.10.2022 00:03:54.902 GMT+0800,141.505,141.489,1.8,1.34
01.10.2022 00:03:55.004 GMT+0800,141.504,141.489,3.3,1.2
01.10.2022 00:03:55.182 GMT+0800,141.504,141.489,2.24,1.34
01.10.2022 00:03:55.284 GMT+0800,141.504,141.489,2.4,1.2
01.10.2022 00:03:55.487 GMT+0800,141.503,141.48700000000002,2.4,1.8
01.10.2022 00:03:55.589 GMT+0800,141.502,141.48700000000002,1.8,1.8
01.10.2022 00:03:55.792 GMT+0800,141.502,141.48700000000002,1.34,2.4
01.10.2022 00:03:55.894 GMT+0800,141.502,141.48700000000002,2.4,1.2
01.10.2022 00:03:56.154 GMT+0800,141.502,141.48700000000002,2.4,1.2
01.10.2022 00:03:56.357 GMT+0800,141.5,141.48600000000002,1.34,1.2
01.10.2022 00:03:56.460 GMT+0800,141.5,141.48600000000002,1.8,1.2
01.10.2022 00:03:56.561 GMT+0800,141.5,141.48600000000002,1.8,1.2
01.10.2022 00:03:56.663 GMT+0800,141.501,141.485,2.4,1.2
01.10.2022 00:03:56.907 GMT+0800,141.499,141.48600000000002,1.8,1.2
01.10.2022 00:03:57.465 GMT+0800,141.497,141.48600000000002,2.4,1.2
01.10.2022 00:03:58.075 GMT+0800,141.498,141.48600000000002,1.8,1.2
01.10.2022 00:03:58.176 GMT+0800,141.499,141.48600000000002,1.8,1.2
01.10.2022 00:03:58.430 GMT+0800,141.5,141.48600000000002,2.4,1.2
01.10.2022 00:03:58.481 GMT+0800,141.503,141.485,2.24,4.04
01.10.2022 00:03:58.735 GMT+0800,141.502,141.48700000000002,1.2,1.2
01.10.2022 00:03:58.786 GMT+0800,141.502,141.489,1.2,1.2
01.10.2022 00:03:59.207 GMT+0800,141.502,141.48700000000002,1.2,2.4
01.10.2022 00:03:59.558 GMT+0800,141.502,141.48700000000002,1.2,1.2
01.10.2022 00:03:59.811 GMT+0800,141.502,141.488,1.2,1.8
01.10.2022 00:04:00.014 GMT+0800,141.502,141.48600000000002,2.24,7.2
01.10.2022 00:04:00.126 GMT+0800,141.502,141.48700000000002,1.8,1.2
01.10.2022 00:04:00.247 GMT+0800,141.502,141.48600000000002,1.8,6.74
01.10.2022 00:04:00.551 GMT+0800,141.502,141.48700000000002,1.8,1.8
01.10.2022 00:04:00.953 GMT+0800,141.502,141.489,1.2,1.34
01.10.2022 00:04:01.156 GMT+0800,141.502,141.495,1.2,1.8
01.10.2022 00:04:01.258 GMT+0800,141.503,141.499,1.2,1.2
01.10.2022 00:04:01.359 GMT+0800,141.504,141.5,1.2,1.2
01.10.2022 00:04:01.410 GMT+0800,141.51500000000001,141.501,1.2,1.2
01.10.2022 00:04:01.512 GMT+0800,141.518,141.503,2.84,1.2
01.10.2022 00:04:01.817 GMT+0800,141.518,141.502,7.34,1.2
01.10.2022 00:04:02.009 GMT+0800,141.518,141.502,6.9,1.2
01.10.2022 00:04:02.060 GMT+0800,141.518,141.502,6.3,1.2
01.10.2022 00:04:02.538 GMT+0800,141.518,141.504,6.3,1.2
01.10.2022 00:04:02.640 GMT+0800,141.519,141.506,1.2,1.2
01.10.2022 00:04:02.691 GMT+0800,141.519,141.503,1.8,2.24
01.10.2022 00:04:02.844 GMT+0800,141.518,141.503,4.5,1.34
01.10.2022 00:04:02.996 GMT+0800,141.518,141.503,4.5,1.8
01.10.2022 00:04:03.407 GMT+0800,141.518,141.505,4.5,1.2
01.10.2022 00:04:03.459 GMT+0800,141.52,141.508,1.2,1.8
01.10.2022 00:04:03.510 GMT+0800,141.52,141.508,1.2,1.34
01.10.2022 00:04:03.616 GMT+0800,141.523,141.509,1.8,1.2
01.10.2022 00:04:03.718 GMT+0800,141.524,141.51,1.2,1.2
01.10.2022 00:04:03.769 GMT+0800,141.525,141.518,1.2,2.24
01.10.2022 00:04:03.870 GMT+0800,141.532,141.519,1.92,1.2
01.10.2022 00:04:03.972 GMT+0800,141.533,141.518,1.8,1.2
01.10.2022 00:04:04.074 GMT+0800,141.534,141.518,1.34,1.34
01.10.2022 00:04:04.378 GMT+0800,141.535,141.51700000000002,2.24,1.8
01.10.2022 00:04:04.480 GMT+0800,141.534,141.518,2.24,1.2
01.10.2022 00:04:04.590 GMT+0800,141.534,141.52100000000002,1.34,1.2
01.10.2022 00:04:04.691 GMT+0800,141.536,141.52,1.34,1.2
01.10.2022 00:04:04.894 GMT+0800,141.535,141.52,1.34,1.2
01.10.2022 00:04:05.249 GMT+0800,141.535,141.52,3.3,1.2
01.10.2022 00:04:05.350 GMT+0800,141.533,141.52,2.4,1.2
01.10.2022 00:04:05.452 GMT+0800,141.533,141.518,2.4,1.8
01.10.2022 00:04:05.604 GMT+0800,141.533,141.519,1.8,1.2
01.10.2022 00:04:05.706 GMT+0800,141.533,141.519,1.2,1.34
01.10.2022 00:04:05.808 GMT+0800,141.535,141.519,1.8,1.34
01.10.2022 00:04:05.910 GMT+0800,141.536,141.52,1.2,2.24
01.10.2022 00:04:06.012 GMT+0800,141.537,141.52,3.74,3.14
01.10.2022 00:04:06.063 GMT+0800,141.537,141.52,4.64,3.3
01.10.2022 00:04:06.164 GMT+0800,141.536,141.52,1.2,3.3
01.10.2022 00:04:06.266 GMT+0800,141.535,141.52,1.8,1.34
01.10.2022 00:04:06.594 GMT+0800,141.534,141.519,1.34,1.8
01.10.2022 00:04:06.696 GMT+0800,141.533,141.51700000000002,1.8,1.34
01.10.2022 00:04:06.906 GMT+0800,141.531,141.51500000000001,2.4,4.38
01.10.2022 00:04:07.008 GMT+0800,141.528,141.512,1.2,4.43
01.10.2022 00:04:07.110 GMT+0800,141.52700000000002,141.51,2.4,1.8
01.10.2022 00:04:07.212 GMT+0800,141.52700000000002,141.51,2.4,2.4
01.10.2022 00:04:07.314 GMT+0800,141.52700000000002,141.513,2.4,1.2
01.10.2022 00:04:07.416 GMT+0800,141.526,141.512,1.34,1.8
01.10.2022 00:04:07.568 GMT+0800,141.526,141.51,3.14,1.8
01.10.2022 00:04:07.797 GMT+0800,141.525,141.51,1.2,1.8
01.10.2022 00:04:07.899 GMT+0800,141.524,141.51,2.24,1.2
01.10.2022 00:04:08.119 GMT+0800,141.524,141.509,2.24,1.34
01.10.2022 00:04:08.220 GMT+0800,141.526,141.509,2.4,2.24
01.10.2022 00:04:08.322 GMT+0800,141.526,141.51,2.24,1.8
01.10.2022 00:04:08.373 GMT+0800,141.52700000000002,141.513,1.2,1.2
01.10.2022 00:04:08.475 GMT+0800,141.52700000000002,141.509,1.94,4.04
01.10.2022 00:04:08.577 GMT+0800,141.52700000000002,141.511,1.94,1.34
01.10.2022 00:04:08.679 GMT+0800,141.52700000000002,141.513,1.8,1.2
01.10.2022 00:04:08.831 GMT+0800,141.52700000000002,141.513,2.84,1.2
01.10.2022 00:04:08.882 GMT+0800,141.52700000000002,141.508,1.34,4.5
01.10.2022 00:04:09.035 GMT+0800,141.526,141.509,1.34,3.3
01.10.2022 00:04:09.340 GMT+0800,141.526,141.509,1.34,3.14
01.10.2022 00:04:09.475 GMT+0800,141.526,141.51,1.34,1.2
01.10.2022 00:04:09.526 GMT+0800,141.525,141.509,1.8,1.2
01.10.2022 00:04:09.678 GMT+0800,141.525,141.508,2.4,4.5
01.10.2022 00:04:09.833 GMT+0800,141.523,141.508,1.2,2.7
01.10.2022 00:04:10.035 GMT+0800,141.525,141.508,2.4,3.6
01.10.2022 00:04:10.137 GMT+0800,141.525,141.508,2.4,1.34
01.10.2022 00:04:10.286 GMT+0800,141.523,141.507,1.8,1.8
01.10.2022 00:04:10.690 GMT+0800,141.523,141.508,1.8,1.2
01.10.2022 00:04:10.883 GMT+0800,141.523,141.508,1.8,1.2
01.10.2022 00:04:10.934 GMT+0800,141.524,141.508,1.34,1.34
01.10.2022 00:04:11.460 GMT+0800,141.524,141.507,1.8,3.6
01.10.2022 00:04:11.666 GMT+0800,141.52200000000002,141.507,1.34,1.2
01.10.2022 00:04:11.769 GMT+0800,141.52200000000002,141.506,1.8,1.8
01.10.2022 00:04:11.950 GMT+0800,141.52200000000002,141.506,1.2,3.14
01.10.2022 00:04:12.001 GMT+0800,141.52200000000002,141.508,1.2,1.2
01.10.2022 00:04:12.230 GMT+0800,141.52200000000002,141.506,1.2,2.24
01.10.2022 00:04:12.504 GMT+0800,141.52200000000002,141.507,1.2,1.2
01.10.2022 00:04:12.708 GMT+0800,141.52100000000002,141.506,1.8,1.2
01.10.2022 00:04:12.810 GMT+0800,141.519,141.503,2.24,2.84
01.10.2022 00:04:12.912 GMT+0800,141.518,141.503,1.2,4.04
01.10.2022 00:04:13.065 GMT+0800,141.519,141.504,1.2,1.8
01.10.2022 00:04:13.116 GMT+0800,141.52200000000002,141.509,1.2,1.2
01.10.2022 00:04:13.167 GMT+0800,141.52200000000002,141.507,1.2,2.24
01.10.2022 00:04:13.218 GMT+0800,141.52200000000002,141.509,1.2,1.2
01.10.2022 00:04:13.320 GMT+0800,141.52200000000002,141.506,1.2,5.1
01.10.2022 00:04:13.425 GMT+0800,141.52200000000002,141.508,1.2,1.2
01.10.2022 00:04:13.578 GMT+0800,141.523,141.51,1.34,1.2
01.10.2022 00:04:13.696 GMT+0800,141.524,141.508,2.4,2.4
01.10.2022 00:04:13.798 GMT+0800,141.524,141.508,2.4,2.4
01.10.2022 00:04:13.899 GMT+0800,141.525,141.507,2.84,2.24
01.10.2022 00:04:14.102 GMT+0800,141.524,141.508,1.8,4.2
01.10.2022 00:04:14.306 GMT+0800,141.52200000000002,141.514,1.2,1.2
01.10.2022 00:04:14.357 GMT+0800,141.528,141.513,1.8,1.2
01.10.2022 00:04:14.459 GMT+0800,141.529,141.513,3.3,1.2
01.10.2022 00:04:14.560 GMT+0800,141.529,141.512,1.94,1.8
01.10.2022 00:04:14.662 GMT+0800,141.528,141.512,1.2,1.2
01.10.2022 00:04:14.829 GMT+0800,141.52700000000002,141.512,1.8,1.2
01.10.2022 00:04:14.981 GMT+0800,141.52700000000002,141.512,1.2,1.8
01.10.2022 00:04:15.083 GMT+0800,141.52700000000002,141.513,1.2,1.2
01.10.2022 00:04:15.134 GMT+0800,141.53,141.51500000000001,1.8,1.8
01.10.2022 00:04:15.236 GMT+0800,141.53,141.51500000000001,1.34,1.2
01.10.2022 00:04:15.388 GMT+0800,141.53,141.51600000000002,1.2,1.2
01.10.2022 00:04:15.490 GMT+0800,141.528,141.51600000000002,1.2,1.8
01.10.2022 00:04:15.592 GMT+0800,141.529,141.514,1.2,1.2
01.10.2022 00:04:15.694 GMT+0800,141.529,141.51500000000001,1.2,1.2
01.10.2022 00:04:15.867 GMT+0800,141.531,141.51500000000001,2.4,1.34
01.10.2022 00:04:15.918 GMT+0800,141.531,141.518,3.3,1.2
01.10.2022 00:04:16.020 GMT+0800,141.531,141.519,1.8,1.2
01.10.2022 00:04:16.122 GMT+0800,141.531,141.518,1.34,1.34
01.10.2022 00:04:16.389 GMT+0800,141.53,141.518,1.2,1.2
01.10.2022 00:04:16.872 GMT+0800,141.53,141.518,1.2,1.8
01.10.2022 00:04:16.923 GMT+0800,141.53,141.518,1.2,1.34
01.10.2022 00:04:17.025 GMT+0800,141.53,141.51600000000002,1.2,6.3
01.10.2022 00:04:17.127 GMT+0800,141.53,141.52100000000002,1.2,1.2
01.10.2022 00:04:17.229 GMT+0800,141.534,141.52,1.2,1.2
01.10.2022 00:04:17.331 GMT+0800,141.534,141.519,1.2,2.7
01.10.2022 00:04:17.433 GMT+0800,141.536,141.519,4.64,2.7
01.10.2022 00:04:17.678 GMT+0800,141.536,141.519,4.64,3.6
01.10.2022 00:04:18.209 GMT+0800,141.536,141.519,4.2,1.8
01.10.2022 00:04:18.462 GMT+0800,141.535,141.52,1.34,1.2
01.10.2022 00:04:18.565 GMT+0800,141.535,141.52100000000002,1.34,1.2
01.10.2022 00:04:18.666 GMT+0800,141.535,141.519,2.24,1.2
01.10.2022 00:04:18.955 GMT+0800,141.536,141.52,2.7,3.14
01.10.2022 00:04:19.006 GMT+0800,141.536,141.523,2.24,1.2
01.10.2022 00:04:19.108 GMT+0800,141.536,141.52,3.14,1.8
01.10.2022 00:04:19.362 GMT+0800,141.536,141.52,3.3,1.2
01.10.2022 00:04:19.565 GMT+0800,141.535,141.52,1.8,1.2
01.10.2022 00:04:19.717 GMT+0800,141.535,141.52,1.2,1.2
01.10.2022 00:04:20.138 GMT+0800,141.535,141.518,2.7,3.3
01.10.2022 00:04:20.248 GMT+0800,141.534,141.518,1.2,3.3
01.10.2022 00:04:20.299 GMT+0800,141.536,141.52100000000002,1.2,1.2
01.10.2022 00:04:20.350 GMT+0800,141.53799999999998,141.52100000000002,3.6,1.8
01.10.2022 00:04:20.562 GMT+0800,141.53799999999998,141.524,1.34,1.2
01.10.2022 00:04:20.613 GMT+0800,141.53799999999998,141.52200000000002,4.94,1.34
01.10.2022 00:04:20.665 GMT+0800,141.536,141.52100000000002,1.2,1.34
01.10.2022 00:04:20.767 GMT+0800,141.537,141.52100000000002,1.34,1.2
01.10.2022 00:04:20.868 GMT+0800,141.536,141.52100000000002,1.2,1.2
01.10.2022 00:04:21.143 GMT+0800,141.537,141.519,1.8,1.34
01.10.2022 00:04:21.607 GMT+0800,141.536,141.52,4.2,1.8
01.10.2022 00:04:21.812 GMT+0800,141.536,141.52,4.04,3.6
01.10.2022 00:04:21.965 GMT+0800,141.536,141.52200000000002,1.8,2.4
01.10.2022 00:04:22.066 GMT+0800,141.537,141.52200000000002,1.8,1.34
01.10.2022 00:04:22.546 GMT+0800,141.537,141.523,1.2,1.2
01.10.2022 00:04:22.647 GMT+0800,141.539,141.524,1.8,1.2
01.10.2022 00:04:22.749 GMT+0800,141.539,141.523,3.6,2.7
01.10.2022 00:04:23.047 GMT+0800,141.539,141.523,3.74,1.2
01.10.2022 00:04:23.148 GMT+0800,141.539,141.523,3.6,1.2
01.10.2022 00:04:23.658 GMT+0800,141.539,141.524,2.24,1.8
01.10.2022 00:04:23.709 GMT+0800,141.537,141.525,1.2,1.2
01.10.2022 00:04:23.760 GMT+0800,141.536,141.52100000000002,1.8,2.63
01.10.2022 00:04:23.811 GMT+0800,141.536,141.52100000000002,2.4,2.1
01.10.2022 00:04:23.862 GMT+0800,141.536,141.52,2.4,1.2
01.10.2022 00:04:24.168 GMT+0800,141.535,141.52,1.2,1.2
01.10.2022 00:04:24.513 GMT+0800,141.535,141.519,1.8,1.8
01.10.2022 00:04:24.615 GMT+0800,141.534,141.523,1.2,1.2
01.10.2022 00:04:24.666 GMT+0800,141.536,141.52100000000002,1.2,1.8
01.10.2022 00:04:24.779 GMT+0800,141.536,141.52200000000002,1.2,1.2
01.10.2022 00:04:24.880 GMT+0800,141.535,141.52200000000002,1.2,1.2
01.10.2022 00:04:24.982 GMT+0800,141.536,141.52100000000002,2.84,1.2
01.10.2022 00:04:25.084 GMT+0800,141.535,141.52,1.2,2.7
01.10.2022 00:04:25.186 GMT+0800,141.534,141.519,1.2,2.7
01.10.2022 00:04:25.794 GMT+0800,141.534,141.519,1.2,3.14
01.10.2022 00:04:25.896 GMT+0800,141.534,141.519,1.2,3.14
01.10.2022 00:04:26.053 GMT+0800,141.535,141.52,1.2,1.2
01.10.2022 00:04:26.104 GMT+0800,141.537,141.523,2.24,1.2
01.10.2022 00:04:26.257 GMT+0800,141.536,141.52,1.8,1.2
01.10.2022 00:04:26.359 GMT+0800,141.536,141.519,1.8,1.34
01.10.2022 00:04:26.467 GMT+0800,141.536,141.52,2.84,1.34
01.10.2022 00:04:26.860 GMT+0800,141.534,141.519,1.8,1.8
01.10.2022 00:04:27.353 GMT+0800,141.534,141.518,1.94,1.2
01.10.2022 00:04:27.404 GMT+0800,141.532,141.51600000000002,1.2,5.84
01.10.2022 00:04:27.607 GMT+0800,141.532,141.51700000000002,1.2,1.2
01.10.2022 00:04:27.709 GMT+0800,141.533,141.51700000000002,1.2,1.8
01.10.2022 00:04:27.861 GMT+0800,141.533,141.51700000000002,1.2,1.8
01.10.2022 00:04:28.157 GMT+0800,141.532,141.51700000000002,1.34,1.2
01.10.2022 00:04:28.259 GMT+0800,141.53,141.513,2.84,6.18
01.10.2022 00:04:28.361 GMT+0800,141.529,141.513,1.94,1.8
01.10.2022 00:04:28.463 GMT+0800,141.529,141.512,1.94,1.2
01.10.2022 00:04:28.514 GMT+0800,141.52700000000002,141.511,1.2,1.8
01.10.2022 00:04:28.565 GMT+0800,141.528,141.513,1.94,1.2
01.10.2022 00:04:28.667 GMT+0800,141.528,141.513,2.7,1.2
01.10.2022 00:04:28.769 GMT+0800,141.528,141.514,2.7,1.2
01.10.2022 00:04:28.972 GMT+0800,141.53,141.513,1.2,2.4
01.10.2022 00:04:29.074 GMT+0800,141.532,141.513,1.8,4.2
01.10.2022 00:04:29.176 GMT+0800,141.529,141.514,2.1,4.5
01.10.2022 00:04:29.278 GMT+0800,141.53,141.512,2.1,3.6
01.10.2022 00:04:29.379 GMT+0800,141.529,141.514,2.63,1.2
01.10.2022 00:04:29.633 GMT+0800,141.529,141.513,2.63,4.5
01.10.2022 00:04:29.834 GMT+0800,141.53,141.513,2.63,1.2
01.10.2022 00:04:30.008 GMT+0800,141.529,141.513,2.63,4.5
01.10.2022 00:04:30.109 GMT+0800,141.529,141.51500000000001,2.63,1.8
01.10.2022 00:04:30.312 GMT+0800,141.529,141.514,2.63,3.6
01.10.2022 00:04:30.608 GMT+0800,141.53,141.513,2.63,3.6
01.10.2022 00:04:30.710 GMT+0800,141.52700000000002,141.514,2.17,1.8
01.10.2022 00:04:30.761 GMT+0800,141.52700000000002,141.512,3.07,2.7
01.10.2022 00:04:31.148 GMT+0800,141.524,141.51,1.8,1.2
01.10.2022 00:04:31.301 GMT+0800,141.523,141.509,1.5,1.2
01.10.2022 00:04:31.352 GMT+0800,141.52100000000002,141.505,1.5,3.3
01.10.2022 00:04:31.404 GMT+0800,141.52100000000002,141.504,1.8,1.8
01.10.2022 00:04:31.607 GMT+0800,141.518,141.505,1.94,1.2
01.10.2022 00:04:31.658 GMT+0800,141.518,141.502,1.94,2.4
01.10.2022 00:04:31.912 GMT+0800,141.51500000000001,141.502,1.8,1.2
01.10.2022 00:04:31.963 GMT+0800,141.514,141.5,1.34,1.34
01.10.2022 00:04:32.166 GMT+0800,141.514,141.5,1.8,1.2
01.10.2022 00:04:32.268 GMT+0800,141.514,141.5,1.2,1.2
01.10.2022 00:04:32.377 GMT+0800,141.514,141.499,1.2,2.24
01.10.2022 00:04:32.479 GMT+0800,141.51500000000001,141.5,2.93,1.2
01.10.2022 00:04:32.581 GMT+0800,141.51500000000001,141.499,2.93,2.24
01.10.2022 00:04:32.683 GMT+0800,141.51500000000001,141.5,2.93,1.2
01.10.2022 00:04:32.815 GMT+0800,141.51500000000001,141.499,2.93,3.14
01.10.2022 00:04:33.035 GMT+0800,141.514,141.499,1.2,2.24
01.10.2022 00:04:33.136 GMT+0800,141.513,141.499,1.34,1.8
01.10.2022 00:04:33.238 GMT+0800,141.513,141.499,1.8,1.8
01.10.2022 00:04:33.340 GMT+0800,141.513,141.499,1.8,1.8
01.10.2022 00:04:33.442 GMT+0800,141.512,141.499,1.2,1.2
01.10.2022 00:04:33.688 GMT+0800,141.512,141.498,1.34,1.2
01.10.2022 00:04:33.958 GMT+0800,141.514,141.497,1.2,1.8
01.10.2022 00:04:34.136 GMT+0800,141.513,141.499,1.2,1.2
01.10.2022 00:04:34.238 GMT+0800,141.513,141.498,1.2,1.8
01.10.2022 00:04:34.799 GMT+0800,141.511,141.497,1.2,3.14
01.10.2022 00:04:34.910 GMT+0800,141.512,141.496,1.2,1.34
01.10.2022 00:04:35.063 GMT+0800,141.511,141.496,2.84,2.4
01.10.2022 00:04:35.114 GMT+0800,141.51,141.495,1.5,1.8
01.10.2022 00:04:35.216 GMT+0800,141.509,141.494,1.94,3.14
01.10.2022 00:04:35.368 GMT+0800,141.507,141.493,1.2,1.2
01.10.2022 00:04:35.521 GMT+0800,141.508,141.493,2.93,2.7
01.10.2022 00:04:35.622 GMT+0800,141.508,141.493,3.07,1.8
01.10.2022 00:04:35.775 GMT+0800,141.508,141.49200000000002,3.07,4.04
01.10.2022 00:04:35.876 GMT+0800,141.508,141.493,3.07,1.2
01.10.2022 00:04:35.984 GMT+0800,141.508,141.49200000000002,3.07,4.04
01.10.2022 00:04:36.035 GMT+0800,141.506,141.49200000000002,1.94,1.8
01.10.2022 00:04:36.137 GMT+0800,141.506,141.491,2.7,1.2
01.10.2022 00:04:36.239 GMT+0800,141.504,141.49,1.2,2.24
01.10.2022 00:04:36.341 GMT+0800,141.507,141.495,1.8,1.2
01.10.2022 00:04:36.443 GMT+0800,141.509,141.495,1.8,1.2
01.10.2022 00:04:36.758 GMT+0800,141.509,141.496,1.34,1.8
01.10.2022 00:04:36.809 GMT+0800,141.509,141.494,1.8,4.94
01.10.2022 00:04:36.911 GMT+0800,141.509,141.495,1.34,2.7
01.10.2022 00:04:37.064 GMT+0800,141.509,141.494,1.8,3.14
01.10.2022 00:04:37.198 GMT+0800,141.509,141.495,2.24,1.2
01.10.2022 00:04:37.300 GMT+0800,141.509,141.494,2.24,1.2
01.10.2022 00:04:37.402 GMT+0800,141.509,141.493,2.24,4.94
01.10.2022 00:04:37.503 GMT+0800,141.508,141.493,1.2,4.04
01.10.2022 00:04:37.605 GMT+0800,141.51,141.495,1.8,1.2
01.10.2022 00:04:37.707 GMT+0800,141.509,141.495,1.2,1.2
01.10.2022 00:04:37.809 GMT+0800,141.509,141.495,1.2,1.2
01.10.2022 00:04:37.911 GMT+0800,141.507,141.493,1.2,1.8
01.10.2022 00:04:38.012 GMT+0800,141.507,141.49200000000002,1.2,2.24
01.10.2022 00:04:38.215 GMT+0800,141.507,141.494,1.2,1.2
01.10.2022 00:04:38.368 GMT+0800,141.507,141.494,1.2,1.2
01.10.2022 00:04:38.470 GMT+0800,141.508,141.496,1.8,1.2
01.10.2022 00:04:38.521 GMT+0800,141.51,141.493,2.24,3.6
01.10.2022 00:04:38.623 GMT+0800,141.509,141.49200000000002,1.5,2.24
01.10.2022 00:04:38.725 GMT+0800,141.509,141.495,1.8,1.2
01.10.2022 00:04:38.826 GMT+0800,141.509,141.495,1.34,1.2
01.10.2022 00:04:38.928 GMT+0800,141.509,141.494,1.34,3.6
01.10.2022 00:04:39.030 GMT+0800,141.509,141.495,1.2,1.8
01.10.2022 00:04:39.182 GMT+0800,141.51,141.496,1.2,2.7
01.10.2022 00:04:39.284 GMT+0800,141.51,141.496,1.2,1.8
01.10.2022 00:04:39.503 GMT+0800,141.51,141.495,2.24,1.8
01.10.2022 00:04:39.605 GMT+0800,141.509,141.494,2.03,1.8
01.10.2022 00:04:39.725 GMT+0800,141.509,141.495,1.57,1.2
01.10.2022 00:04:40.029 GMT+0800,141.508,141.494,1.8,2.7
01.10.2022 00:04:40.130 GMT+0800,141.508,141.493,2.24,1.2
01.10.2022 00:04:40.232 GMT+0800,141.508,141.493,2.24,1.2
01.10.2022 00:04:40.486 GMT+0800,141.509,141.496,1.8,1.2
01.10.2022 00:04:40.537 GMT+0800,141.51,141.495,2.17,1.2
01.10.2022 00:04:40.639 GMT+0800,141.509,141.494,2.7,1.8
01.10.2022 00:04:40.741 GMT+0800,141.509,141.495,1.2,1.2
01.10.2022 00:04:40.843 GMT+0800,141.511,141.495,3.6,2.7
01.10.2022 00:04:40.894 GMT+0800,141.511,141.497,3.6,1.2
01.10.2022 00:04:40.996 GMT+0800,141.511,141.497,2.7,1.8
01.10.2022 00:04:41.098 GMT+0800,141.509,141.495,1.2,1.2
01.10.2022 00:04:41.703 GMT+0800,141.51,141.496,1.2,1.2
01.10.2022 00:04:41.805 GMT+0800,141.51,141.497,1.2,1.2
01.10.2022 00:04:41.906 GMT+0800,141.512,141.497,3.53,3.6
01.10.2022 00:04:42.009 GMT+0800,141.511,141.497,1.2,1.8
01.10.2022 00:04:42.111 GMT+0800,141.509,141.496,1.2,2.24
01.10.2022 00:04:42.162 GMT+0800,141.513,141.496,3.53,1.2
01.10.2022 00:04:42.264 GMT+0800,141.51,141.497,1.2,1.2
01.10.2022 00:04:42.365 GMT+0800,141.51,141.496,1.2,1.2
01.10.2022 00:04:42.470 GMT+0800,141.51,141.495,1.2,2.24
01.10.2022 00:04:42.572 GMT+0800,141.51,141.495,1.2,1.2
01.10.2022 00:04:42.673 GMT+0800,141.508,141.494,1.2,2.24
01.10.2022 00:04:42.775 GMT+0800,141.512,141.496,1.34,1.8
01.10.2022 00:04:42.877 GMT+0800,141.51,141.498,1.2,1.2
01.10.2022 00:04:42.928 GMT+0800,141.511,141.496,1.2,1.2
01.10.2022 00:04:43.661 GMT+0800,141.51,141.495,2.17,1.2
01.10.2022 00:04:44.371 GMT+0800,141.51,141.496,1.8,1.8
01.10.2022 00:04:44.473 GMT+0800,141.511,141.496,1.34,4.04
01.10.2022 00:04:44.747 GMT+0800,141.512,141.496,1.34,4.94
01.10.2022 00:04:44.906 GMT+0800,141.51,141.496,1.2,5.4
01.10.2022 00:04:44.958 GMT+0800,141.511,141.497,1.8,1.2
01.10.2022 00:04:45.059 GMT+0800,141.511,141.498,1.8,1.2
01.10.2022 00:04:45.263 GMT+0800,141.513,141.498,4.2,1.2
01.10.2022 00:04:45.364 GMT+0800,141.513,141.499,1.8,1.2
01.10.2022 00:04:45.466 GMT+0800,141.513,141.497,3.97,1.2
01.10.2022 00:04:45.568 GMT+0800,141.512,141.496,2.47,2.7
01.10.2022 00:04:45.755 GMT+0800,141.511,141.496,1.2,1.8
01.10.2022 00:04:45.857 GMT+0800,141.51,141.496,1.2,1.8
01.10.2022 00:04:46.169 GMT+0800,141.511,141.496,1.2,4.5
01.10.2022 00:04:46.299 GMT+0800,141.511,141.496,1.8,4.5
01.10.2022 00:04:46.401 GMT+0800,141.509,141.495,1.2,1.34
01.10.2022 00:04:46.768 GMT+0800,141.509,141.495,1.94,1.2
01.10.2022 00:04:46.870 GMT+0800,141.508,141.494,1.2,1.2
01.10.2022 00:04:47.192 GMT+0800,141.508,141.495,1.2,1.2
01.10.2022 00:04:47.294 GMT+0800,141.508,141.494,1.2,1.2
01.10.2022 00:04:47.396 GMT+0800,141.509,141.495,1.34,1.2
01.10.2022 00:04:47.497 GMT+0800,141.51,141.496,2.17,1.2
01.10.2022 00:04:47.599 GMT+0800,141.51,141.495,2.17,1.2
01.10.2022 00:04:47.701 GMT+0800,141.511,141.497,2.7,1.8
01.10.2022 00:04:47.802 GMT+0800,141.511,141.496,2.84,3.6
01.10.2022 00:04:47.955 GMT+0800,141.512,141.495,3.3,2.7
01.10.2022 00:04:48.296 GMT+0800,141.511,141.498,1.34,1.8
01.10.2022 00:04:48.448 GMT+0800,141.513,141.498,4.04,1.2
01.10.2022 00:04:48.550 GMT+0800,141.512,141.497,3.07,3.6
01.10.2022 00:04:48.652 GMT+0800,141.512,141.498,3.07,1.2
01.10.2022 00:04:48.753 GMT+0800,141.512,141.497,3.07,1.2
01.10.2022 00:04:48.862 GMT+0800,141.513,141.497,3.07,1.2
01.10.2022 00:04:49.141 GMT+0800,141.511,141.496,1.2,4.5
01.10.2022 00:04:49.243 GMT+0800,141.51,141.496,1.8,1.2
01.10.2022 00:04:49.294 GMT+0800,141.51,141.493,1.2,3.14
01.10.2022 00:04:49.396 GMT+0800,141.508,141.494,2.84,1.34
01.10.2022 00:04:49.498 GMT+0800,141.508,141.493,2.84,1.8
01.10.2022 00:04:49.650 GMT+0800,141.507,141.494,1.2,1.2
01.10.2022 00:04:50.458 GMT+0800,141.507,141.494,1.8,1.2
01.10.2022 00:04:50.560 GMT+0800,141.507,141.494,2.24,1.2
01.10.2022 00:04:50.611 GMT+0800,141.509,141.496,4.94,1.2
01.10.2022 00:04:50.713 GMT+0800,141.509,141.497,1.34,1.2
